timestamp,t,e,tk,lp,pc,ft,ap,v,bp1,sp1,bq1,sq1,oi,h,_id
2023-08-28 10:06:27.489718,tf,NFO,60479,273.70,0.16,1693197388,277.22,16399020,273.30,273.75,,,,,
2023-08-28 10:06:27.493716,tf,NFO,60479,273.90,0.24,1693197389,,,,,,,,,
2023-08-28 10:06:27.495716,tf,NFO,60479,274.00,0.27,1693197389,,16400850,273.85,274.00,90,60,,,
2023-08-28 10:06:27.497714,tf,NFO,60479,274.40,0.42,1693197390,,16403820,273.80,274.20,,15,,,
2023-08-28 10:06:27.500712,tf,NFO,60479,274.00,0.27,1693197391,,,,,,,,,
2023-08-28 10:06:27.502711,tf,NFO,60479,274.30,0.38,1693197391,,16406925,273.95,274.40,15,225,,,
2023-08-28 10:06:27.666610,tf,NFO,60479,273.90,0.24,1693197392,,,,,,,,,
2023-08-28 10:06:28.667067,tf,NFO,60479,274.10,0.31,1693197393,,,,,,,,,
2023-08-28 10:06:29.518508,tf,NFO,60479,271.95,-0.48,1693197393,,16413540,271.90,272.25,75,75,,,
2023-08-28 10:06:29.665260,tf,NFO,60479,271.90,-0.49,1693197394,,,,,,,,,
2023-08-28 10:06:30.518271,tf,NFO,60479,271.35,-0.70,1693197394,,16414830,271.40,271.80,15,90,,,
2023-08-28 10:06:31.519836,tf,NFO,60479,270.85,-0.88,1693197395,,16415430,270.85,271.15,,60,,,
2023-08-28 10:06:31.667655,tf,NFO,60479,270.80,-0.90,1693197396,,,,,,,,,
2023-08-28 10:06:32.522520,tf,NFO,60479,271.25,-0.73,1693197396,,16415790,270.80,271.10,255,30,,,
2023-08-28 10:06:32.666771,tf,NFO,60479,271.10,-0.79,1693197397,,,,,,,,,
2023-08-28 10:06:33.522907,tf,NFO,60479,271.15,-0.77,1693197397,,16416225,270.65,,15,90,,,
2023-08-28 10:06:34.669056,tf,NFO,60479,270.95,-0.84,1693197399,,,,,,,,,
2023-08-28 10:06:35.124235,tf,NFO,60479,271.10,-0.79,1693197399,,16417245,270.75,271.15,120,45,,,
2023-08-28 10:06:35.667529,tf,NFO,60479,271.00,-0.82,1693197400,,,,,,,,,
2023-08-28 10:06:36.130442,tf,NFO,60479,270.35,-1.06,1693197400,,16417770,270.50,270.80,75,60,,,
2023-08-28 10:06:36.670098,tf,NFO,60479,270.55,-0.99,1693197401,,,,,,,,,
2023-08-28 10:06:37.133852,tf,NFO,60479,270.75,-0.91,1693197401,,16419030,270.40,270.75,,30,,,
2023-08-28 10:06:37.670760,tf,NFO,60479,270.70,-0.93,1693197402,,,,,,,,,
2023-08-28 10:06:38.334479,tf,NFO,60479,270.25,-1.10,1693197402,,16423950,270.00,270.30,60,15,,,
2023-08-28 10:06:38.668832,tf,NFO,60479,270.35,-1.06,1693197403,,,,,,,,,
2023-08-28 10:06:39.130578,tf,NFO,60479,270.45,-1.02,1693197403,,16424610,269.90,,90,,,,
2023-08-28 10:06:40.376180,tf,NFO,60479,270.35,-1.06,1693197404,,16425735,270.05,270.40,,30,,,
2023-08-28 10:06:41.573438,tf,NFO,60479,270.25,-1.10,1693197405,,16427490,269.75,270.10,120,45,,,
2023-08-28 10:06:42.596900,tf,NFO,60479,270.50,-1.01,1693197406,277.21,16429905,269.95,270.35,75,30,,,
2023-08-28 10:06:43.566299,tf,NFO,60479,271.00,-0.82,1693197407,,16430685,270.95,271.25,15,,,,
2023-08-28 10:06:43.708209,tf,NFO,60479,270.95,-0.84,1693197408,,,,,,,,,
2023-08-28 10:06:44.167925,tf,NFO,60479,270.50,-1.01,1693197408,,16432455,270.00,270.50,480,,,,
2023-08-28 10:06:44.711673,tf,NFO,60479,270.40,-1.04,1693197409,,,,,,,,,
2023-08-28 10:06:45.189376,tf,NFO,60479,269.85,-1.24,1693197409,,16433310,270.05,270.45,90,15,,,
2023-08-28 10:06:45.730041,tf,NFO,60479,270.10,-1.15,1693197410,,,,,,,,,
2023-08-28 10:06:46.204745,tf,NFO,60479,271.30,-0.71,1693197410,,16434165,270.80,271.25,120,30,,,
2023-08-28 10:06:46.742409,tf,NFO,60479,271.75,-0.55,1693197411,,,,,,,,,
2023-08-28 10:06:47.378017,tf,NFO,60479,271.55,-0.62,1693197411,,16436535,271.15,271.60,165,45,,,
2023-08-28 10:06:47.739790,tf,NFO,60479,271.45,-0.66,1693197412,,,,,,,,,
2023-08-28 10:06:48.375481,tf,NFO,60479,271.95,-0.48,1693197412,,16436805,271.65,271.95,150,15,,,
2023-08-28 10:06:48.739255,tf,NFO,60479,272.15,-0.40,1693197413,,,,,,,,,
2023-08-28 10:06:49.719014,tf,NFO,60479,272.60,-0.24,1693197414,,,,,,,,,
2023-08-28 10:06:50.348070,tf,NFO,60479,272.30,-0.35,1693197414,,16441020,272.35,272.85,15,360,,,
2023-08-28 10:06:51.552181,tf,NFO,60479,272.35,-0.33,1693197415,,16442280,271.30,271.50,,15,,,
2023-08-28 10:06:51.680878,tf,NFO,60479,271.40,-0.68,1693197416,,,,,,,,,
2023-08-28 10:06:52.552381,tf,NFO,60479,271.45,-0.66,1693197416,,16444635,270.80,271.30,30,165,,,
2023-08-28 10:06:52.679408,tf,NFO,60479,271.00,-0.82,1693197417,,,,,,,,,
2023-08-28 10:06:53.151463,tf,NFO,60479,270.95,-0.84,1693197417,,16445370,270.45,271.00,90,2055,,,
2023-08-28 10:06:53.681834,tf,NFO,60479,270.55,-0.99,1693197418,,,,,,,,,
2023-08-28 10:06:54.352968,tf,NFO,60479,269.80,-1.26,1693197418,,16449210,269.35,269.75,30,15,,,
2023-08-28 10:06:54.681764,tf,NFO,60479,269.85,-1.24,1693197419,,,,,,,,,
2023-08-28 10:06:55.556228,tf,NFO,60479,269.20,-1.48,1693197419,,16452690,269.00,269.20,345,1215,,,
2023-08-28 10:06:55.683144,tf,NFO,60479,269.10,-1.52,1693197420,,,,,,,,,
2023-08-28 10:06:56.156850,tf,NFO,60479,269.30,-1.45,1693197420,277.20,16454235,269.30,269.60,120,60,,,
2023-08-28 10:06:56.684521,tf,NFO,60479,269.90,-1.23,1693197421,,,,,,,,,
2023-08-28 10:06:57.374610,tf,NFO,60479,269.00,-1.56,1693197421,,16458030,269.25,269.55,90,15,,,
2023-08-28 10:06:57.685417,tf,NFO,60479,269.40,-1.41,1693197422,,,,,,,,,
2023-08-28 10:06:58.561870,tf,NFO,60479,270.45,-1.02,1693197422,,16461525,270.35,270.80,,30,,,
2023-08-28 10:06:58.684797,tf,NFO,60479,270.90,-0.86,1693197423,,,,,,,,,
2023-08-28 10:06:59.684177,tf,NFO,60479,270.80,-0.90,1693197424,,,,,,,,,
2023-08-28 10:07:00.159878,tf,NFO,60479,270.40,-1.04,1693197424,,16462260,270.25,270.45,30,15,,,
2023-08-28 10:07:00.686551,tf,NFO,60479,270.30,-1.08,1693197425,,,,,,,,,
2023-08-28 10:07:01.164255,tf,NFO,60479,269.35,-1.43,1693197425,,16464270,269.00,269.30,885,60,,,
2023-08-28 10:07:01.685932,tf,NFO,60479,269.10,-1.52,1693197426,,,,,,,,,
2023-08-28 10:07:02.165632,tf,NFO,60479,269.95,-1.21,1693197426,,16465410,269.60,269.95,30,,,,
2023-08-28 10:07:02.686310,tf,NFO,60479,269.40,-1.41,1693197427,,,,,,,,,
2023-08-28 10:07:03.168011,tf,NFO,60479,270.45,-1.02,1693197427,,16469715,270.05,270.40,60,30,,,
2023-08-28 10:07:03.688928,tf,NFO,60479,270.30,-1.08,1693197428,,,,,,,,,
2023-08-28 10:07:04.169870,tf,NFO,60479,269.60,-1.34,1693197428,,16470870,269.70,270.00,,60,,,
2023-08-28 10:07:04.689548,tf,NFO,60479,270.80,-0.90,1693197429,,,,,,,,,
2023-08-28 10:07:05.174247,tf,NFO,60479,269.60,-1.34,1693197429,,16472955,269.45,269.80,90,75,,,
2023-08-28 10:07:05.688925,tf,NFO,60479,269.35,-1.43,1693197430,,,,,,,,,
2023-08-28 10:07:06.573226,tf,NFO,60479,269.65,-1.32,1693197430,,16473540,269.40,269.65,120,15,,,
2023-08-28 10:07:07.576698,tf,NFO,60479,269.90,-1.23,1693197431,,16475055,269.45,269.90,150,75,,,
2023-08-28 10:07:07.688633,tf,NFO,60479,269.90,-1.23,1693197431,,16475055,269.45,269.90,150,75,,,
2023-08-28 10:07:08.379996,tf,NFO,60479,268.70,-1.67,1693197432,277.19,16481625,268.65,269.10,345,165,,,
2023-08-28 10:07:08.382005,tf,NFO,60479,268.70,-1.67,1693197432,277.19,16481625,268.65,269.10,345,165,,,
2023-08-28 10:07:08.692228,tf,NFO,60479,269.40,-1.41,1693197433,,,,,,,,,
2023-08-28 10:07:08.696232,tf,NFO,60479,269.40,-1.41,1693197433,,,,,,,,,
2023-08-28 10:07:09.580087,tf,NFO,60479,268.80,-1.63,1693197433,,16484370,268.90,269.25,30,30,,,
2023-08-28 10:07:09.585459,tf,NFO,60479,268.80,-1.63,1693197433,,16484370,268.90,269.25,30,30,,,
2023-08-28 10:07:09.692710,tf,NFO,60479,269.40,-1.41,1693197434,,,,,,,,,
2023-08-28 10:07:09.695714,tf,NFO,60479,269.40,-1.41,1693197434,,,,,,,,,
2023-08-28 10:07:10.182722,tf,NFO,60479,269.00,-1.56,1693197434,,16486020,,269.00,15,45,,,
2023-08-28 10:07:10.184725,tf,NFO,60479,269.00,-1.56,1693197434,,16486020,,269.00,15,45,,,
2023-08-28 10:07:11.380462,tf,NFO,60479,268.55,-1.72,1693197435,,16487730,268.15,268.55,60,15,,,
2023-08-28 10:07:11.384385,tf,NFO,60479,268.55,-1.72,1693197435,,16487730,268.15,268.55,60,15,,,
2023-08-28 10:07:11.694055,tf,NFO,60479,268.70,-1.67,1693197436,,,,,,,,,
2023-08-28 10:07:11.697059,tf,NFO,60479,268.70,-1.67,1693197436,,,,,,,,,
2023-08-28 10:07:12.384505,tf,NFO,60479,269.25,-1.46,1693197436,,16489455,268.45,268.80,15,,,,
2023-08-28 10:07:12.389509,tf,NFO,60479,269.25,-1.46,1693197436,,16489455,268.45,268.80,15,,,,
2023-08-28 10:07:13.585936,tf,NFO,60479,266.70,-2.40,1693197438,,16494690,266.80,267.20,,90,,,
2023-08-28 10:07:13.696087,tf,NFO,60479,267.45,-2.12,1693197438,,,,,,,,,
2023-08-28 10:07:13.774043,tf,NFO,60479,266.70,-2.40,1693197438,,16494690,266.80,267.20,,90,,,
2023-08-28 10:07:13.778038,tf,NFO,60479,267.45,-2.12,1693197438,,,,,,,,,
2023-08-28 10:07:14.593227,tf,NFO,60479,268.15,-1.87,1693197439,277.18,16496805,268.15,268.55,45,45,,,
2023-08-28 10:07:14.600225,tf,NFO,60479,268.15,-1.87,1693197439,277.18,16496805,268.15,268.55,45,45,,,
2023-08-28 10:07:14.695677,tf,NFO,60479,268.70,-1.67,1693197439,,,,,,,,,
2023-08-28 10:07:14.699684,tf,NFO,60479,268.70,-1.67,1693197439,,,,,,,,,
2023-08-28 10:07:15.593642,tf,NFO,60479,268.75,-1.65,1693197440,,16499115,268.70,268.90,90,15,,,
2023-08-28 10:07:15.696589,tf,NFO,60479,269.10,-1.52,1693197440,,,,,,,,,
2023-08-28 10:07:15.773059,tf,NFO,60479,268.75,-1.65,1693197440,,16499115,268.70,268.90,90,15,,,
2023-08-28 10:07:15.776842,tf,NFO,60479,269.10,-1.52,1693197440,,,,,,,,,
2023-08-28 10:07:16.187987,tf,NFO,60479,269.00,-1.56,1693197440,,16499955,269.00,269.40,135,,,,
2023-08-28 10:07:16.192981,tf,NFO,60479,269.00,-1.56,1693197440,,16499955,269.00,269.40,135,,,,
2023-08-28 10:07:16.897454,tf,NFO,60479,268.45,-1.76,1693197441,,,,,,,,,
2023-08-28 10:07:16.899462,tf,NFO,60479,268.45,-1.76,1693197441,,,,,,,,,
2023-08-28 10:07:17.195128,tf,NFO,60479,268.85,-1.61,1693197441,,16500645,268.40,268.80,15,45,,,
2023-08-28 10:07:17.199283,tf,NFO,60479,268.85,-1.61,1693197441,,16500645,268.40,268.80,15,45,,,
2023-08-28 10:07:17.695171,tf,NFO,60479,268.65,-1.68,1693197442,,,,,,,,,
2023-08-28 10:07:17.700536,tf,NFO,60479,268.65,-1.68,1693197442,,,,,,,,,
2023-08-28 10:07:18.393399,tf,NFO,60479,268.55,-1.72,1693197442,,16502730,268.15,268.50,60,15,,,
2023-08-28 10:07:18.398396,tf,NFO,60479,268.55,-1.72,1693197442,,16502730,268.15,268.50,60,15,,,
2023-08-28 10:07:18.696964,tf,NFO,60479,268.30,-1.81,1693197443,,,,,,,,,
2023-08-28 10:07:18.701963,tf,NFO,60479,268.30,-1.81,1693197443,,,,,,,,,
2023-08-28 10:07:19.195017,tf,NFO,60479,268.70,-1.67,1693197443,,16503705,268.20,268.65,180,75,,,
2023-08-28 10:07:19.202020,tf,NFO,60479,268.70,-1.67,1693197443,,16503705,268.20,268.65,180,75,,,
2023-08-28 10:07:19.698249,tf,NFO,60479,268.60,-1.70,1693197444,,,,,,,,,
2023-08-28 10:07:19.704199,tf,NFO,60479,268.60,-1.70,1693197444,,,,,,,,,
2023-08-28 10:07:20.202246,tf,NFO,60479,269.55,-1.35,1693197444,,16504485,269.55,269.75,15,30,,,
2023-08-28 10:07:20.208299,tf,NFO,60479,269.55,-1.35,1693197444,,16504485,269.55,269.75,15,30,,,
2023-08-28 10:07:20.698738,tf,NFO,60479,269.80,-1.26,1693197445,,,,,,,,,
2023-08-28 10:07:20.704745,tf,NFO,60479,269.80,-1.26,1693197445,,,,,,,,,
2023-08-28 10:07:21.198733,tf,NFO,60479,269.10,-1.52,1693197445,,16505280,268.90,269.25,75,,,,
2023-08-28 10:07:21.205735,tf,NFO,60479,269.10,-1.52,1693197445,,16505280,268.90,269.25,75,,,,
2023-08-28 10:07:21.698140,tf,NFO,60479,269.35,-1.43,1693197446,,,,,,,,,
2023-08-28 10:07:21.702567,tf,NFO,60479,269.35,-1.43,1693197446,,,,,,,,,
2023-08-28 10:07:22.398383,tf,NFO,60479,268.60,-1.70,1693197446,,16507020,268.25,268.60,60,15,,,
2023-08-28 10:07:22.405376,tf,NFO,60479,268.60,-1.70,1693197446,,16507020,268.25,268.60,60,15,,,
2023-08-28 10:07:22.699193,tf,NFO,60479,269.05,-1.54,1693197447,,,,,,,,,
2023-08-28 10:07:22.704191,tf,NFO,60479,269.05,-1.54,1693197447,,,,,,,,,
2023-08-28 10:07:23.600939,tf,NFO,60479,269.95,-1.21,1693197448,,16507590,269.50,269.85,45,,,,
2023-08-28 10:07:23.649907,tf,NFO,60479,269.95,-1.21,1693197448,,16507590,269.50,269.85,45,,,,
2023-08-28 10:07:23.698877,tf,NFO,60479,269.55,-1.35,1693197448,,,,,,,,,
2023-08-28 10:07:23.857780,tf,NFO,60479,269.55,-1.35,1693197448,,,,,,,,,
2023-08-28 10:07:24.603317,tf,NFO,60479,269.45,-1.39,1693197449,,16508610,269.45,269.75,465,30,,,
2023-08-28 10:07:24.703253,tf,NFO,60479,269.45,-1.39,1693197449,,16508610,269.45,269.75,465,30,,,
2023-08-28 10:07:25.603696,tf,NFO,60479,270.00,-1.19,1693197450,,16509795,,,75,60,,,
2023-08-28 10:07:25.694639,tf,NFO,60479,270.00,-1.19,1693197450,,16509795,,,75,60,,,
2023-08-28 10:07:26.607074,tf,NFO,60479,268.80,-1.63,1693197451,,16510305,268.65,269.10,45,75,,,
2023-08-28 10:07:26.682025,tf,NFO,60479,268.80,-1.63,1693197451,,16510305,268.65,269.10,45,75,,,
2023-08-28 10:07:26.703011,tf,NFO,60479,269.05,-1.54,1693197451,,,,,,,,,
2023-08-28 10:07:26.760977,tf,NFO,60479,269.05,-1.54,1693197451,,,,,,,,,
2023-08-28 10:07:27.204824,tf,NFO,60479,269.25,-1.46,1693197451,,16510890,268.95,269.25,60,15,,,
2023-08-28 10:07:27.281777,tf,NFO,60479,269.25,-1.46,1693197451,,16510890,268.95,269.25,60,15,,,
2023-08-28 10:07:27.701514,tf,NFO,60479,268.40,-1.77,1693197452,,,,,,,,,
2023-08-28 10:07:27.772470,tf,NFO,60479,268.40,-1.77,1693197452,,,,,,,,,
2023-08-28 10:07:28.207201,tf,NFO,60479,269.25,-1.46,1693197452,,16512315,268.60,268.90,,60,,,
2023-08-28 10:07:28.281155,tf,NFO,60479,269.25,-1.46,1693197452,,16512315,268.60,268.90,,60,,,
2023-08-28 10:07:28.701894,tf,NFO,60479,269.00,-1.56,1693197453,,,,,,,,,
2023-08-28 10:07:28.752863,tf,NFO,60479,269.00,-1.56,1693197453,,,,,,,,,
2023-08-28 10:07:29.701275,tf,NFO,60479,268.00,-1.92,1693197454,,,,,,,,,
2023-08-28 10:07:29.722260,tf,NFO,60479,268.00,-1.92,1693197454,,,,,,,,,
2023-08-28 10:07:30.209957,tf,NFO,60479,268.05,-1.90,1693197454,277.17,16516935,267.60,267.95,75,15,,,
2023-08-28 10:07:30.305900,tf,NFO,60479,268.05,-1.90,1693197454,277.17,16516935,267.60,267.95,75,15,,,
2023-08-28 10:07:30.900722,tf,NFO,60479,267.00,-2.29,1693197455,,,,,,,,,
2023-08-28 10:07:30.919710,tf,NFO,60479,267.00,-2.29,1693197455,,,,,,,,,
2023-08-28 10:07:31.208534,tf,NFO,60479,266.80,-2.36,1693197455,,16521855,266.60,267.10,60,690,,,
2023-08-28 10:07:31.350444,tf,NFO,60479,266.80,-2.36,1693197455,,16521855,266.60,267.10,60,690,,,
2023-08-28 10:07:31.703225,tf,NFO,60479,267.25,-2.20,1693197456,,,,,,,,,
2023-08-28 10:07:31.759190,tf,NFO,60479,267.25,-2.20,1693197456,,,,,,,,,
2023-08-28 10:07:32.210909,tf,NFO,60479,268.05,-1.90,1693197456,,16523430,267.80,268.05,,45,,,
2023-08-28 10:07:32.280864,tf,NFO,60479,268.05,-1.90,1693197456,,16523430,267.80,268.05,,45,,,
2023-08-28 10:07:32.702604,tf,NFO,60479,267.80,-1.99,1693197457,,,,,,,,,
2023-08-28 10:07:32.742579,tf,NFO,60479,267.80,-1.99,1693197457,,,,,,,,,
2023-08-28 10:07:33.211642,tf,NFO,60479,267.90,-1.96,1693197457,,16524720,267.95,268.35,15,15,,,
2023-08-28 10:07:33.215642,tf,NFO,60479,267.90,-1.96,1693197457,,16524720,267.95,268.35,15,15,,,
2023-08-28 10:07:33.703619,tf,NFO,60479,268.25,-1.83,1693197458,,,,,,,,,
2023-08-28 10:07:33.706354,tf,NFO,60479,268.25,-1.83,1693197458,,,,,,,,,
2023-08-28 10:07:34.215893,tf,NFO,60479,267.75,-2.01,1693197458,,16525410,267.50,267.85,75,60,,,
2023-08-28 10:07:34.218894,tf,NFO,60479,267.75,-2.01,1693197458,,16525410,267.50,267.85,75,60,,,
2023-08-28 10:07:34.703503,tf,NFO,60479,267.50,-2.10,1693197459,,,,,,,,,
2023-08-28 10:07:34.707809,tf,NFO,60479,267.50,-2.10,1693197459,,,,,,,,,
2023-08-28 10:07:35.217427,tf,NFO,60479,267.10,-2.25,1693197459,,16526040,267.10,267.25,15,105,,,
2023-08-28 10:07:35.223425,tf,NFO,60479,267.10,-2.25,1693197459,,16526040,267.10,267.25,15,105,,,
2023-08-28 10:07:35.705124,tf,NFO,60479,267.05,-2.27,1693197460,,,,,,,,,
2023-08-28 10:07:35.710122,tf,NFO,60479,267.05,-2.27,1693197460,,,,,,,,,
2023-08-28 10:07:36.215808,tf,NFO,60479,267.15,-2.23,1693197460,,16526490,266.70,267.05,75,30,,,
2023-08-28 10:07:36.225800,tf,NFO,60479,267.15,-2.23,1693197460,,16526490,266.70,267.05,75,30,,,
2023-08-28 10:07:36.709016,tf,NFO,60479,267.05,-2.27,1693197461,,,,,,,,,
2023-08-28 10:07:36.711014,tf,NFO,60479,267.05,-2.27,1693197461,,,,,,,,,
2023-08-28 10:07:37.217069,tf,NFO,60479,267.00,-2.29,1693197461,,16527870,267.00,,15,75,,,
2023-08-28 10:07:37.220072,tf,NFO,60479,267.00,-2.29,1693197461,,16527870,267.00,,15,75,,,
2023-08-28 10:07:37.707139,tf,NFO,60479,266.50,-2.47,1693197462,,,,,,,,,
2023-08-28 10:07:37.711136,tf,NFO,60479,266.50,-2.47,1693197462,,,,,,,,,
2023-08-28 10:07:38.218778,tf,NFO,60479,266.60,-2.43,1693197462,,16528650,266.30,266.75,90,165,,,
2023-08-28 10:07:38.222774,tf,NFO,60479,266.60,-2.43,1693197462,,16528650,266.30,266.75,90,165,,,
2023-08-28 10:07:38.909898,tf,NFO,60479,267.00,-2.29,1693197463,,,,,,,,,
2023-08-28 10:07:38.912886,tf,NFO,60479,267.00,-2.29,1693197463,,,,,,,,,
2023-08-28 10:07:39.224017,tf,NFO,60479,266.55,-2.45,1693197463,277.16,16532760,266.70,267.10,105,15,,,
2023-08-28 10:07:39.230013,tf,NFO,60479,266.55,-2.45,1693197463,277.16,16532760,266.70,267.10,105,15,,,
2023-08-28 10:07:39.710161,tf,NFO,60479,266.80,-2.36,1693197464,,,,,,,,,
2023-08-28 10:07:39.712161,tf,NFO,60479,266.80,-2.36,1693197464,,,,,,,,,
2023-08-28 10:07:40.225320,tf,NFO,60479,267.30,-2.18,1693197464,,16534530,267.00,,15,75,,,
2023-08-28 10:07:40.230059,tf,NFO,60479,267.30,-2.18,1693197464,,16534530,267.00,,15,75,,,
2023-08-28 10:07:40.709778,tf,NFO,60479,266.80,-2.36,1693197465,,,,,,,,,
2023-08-28 10:07:40.714321,tf,NFO,60479,266.80,-2.36,1693197465,,,,,,,,,
2023-08-28 10:07:41.228102,tf,NFO,60479,267.05,-2.27,1693197465,,16534875,267.15,267.45,75,45,,,
2023-08-28 10:07:41.231097,tf,NFO,60479,267.05,-2.27,1693197465,,16534875,267.15,267.45,75,45,,,
2023-08-28 10:07:41.714011,tf,NFO,60479,267.60,-2.07,1693197466,,,,,,,,,
2023-08-28 10:07:41.720006,tf,NFO,60479,267.60,-2.07,1693197466,,,,,,,,,
2023-08-28 10:07:42.425600,tf,NFO,60479,267.65,-2.05,1693197466,,16537275,267.05,267.35,60,30,,,
2023-08-28 10:07:42.429597,tf,NFO,60479,267.65,-2.05,1693197466,,16537275,267.05,267.35,60,30,,,
2023-08-28 10:07:42.712074,tf,NFO,60479,267.00,-2.29,1693197467,,,,,,,,,
2023-08-28 10:07:42.716068,tf,NFO,60479,267.00,-2.29,1693197467,,,,,,,,,
2023-08-28 10:07:43.425800,tf,NFO,60479,266.40,-2.51,1693197467,,16540005,266.05,266.55,45,75,,,
2023-08-28 10:07:43.432856,tf,NFO,60479,266.40,-2.51,1693197467,,16540005,266.05,266.55,45,75,,,
2023-08-28 10:07:43.714240,tf,NFO,60479,266.05,-2.63,1693197468,,,,,,,,,
2023-08-28 10:07:43.717238,tf,NFO,60479,266.05,-2.63,1693197468,,,,,,,,,
2023-08-28 10:07:44.232846,tf,NFO,60479,265.85,-2.71,1693197468,,16541670,266.15,266.45,60,15,,,
2023-08-28 10:07:44.234847,tf,NFO,60479,265.85,-2.71,1693197468,,16541670,266.15,266.45,60,15,,,
2023-08-28 10:07:44.714145,tf,NFO,60479,265.65,-2.78,1693197469,,,,,,,,,
2023-08-28 10:07:44.717140,tf,NFO,60479,265.65,-2.78,1693197469,,,,,,,,,
2023-08-28 10:07:45.629981,tf,NFO,60479,265.95,-2.67,1693197470,277.15,16550700,265.55,265.95,345,,,,
2023-08-28 10:07:45.633987,tf,NFO,60479,265.95,-2.67,1693197470,277.15,16550700,265.55,265.95,345,,,,
2023-08-28 10:07:46.437055,tf,NFO,60479,265.55,-2.82,1693197470,,16552305,,266.05,465,150,,,
2023-08-28 10:07:46.443050,tf,NFO,60479,265.55,-2.82,1693197470,,16552305,,266.05,465,150,,,
2023-08-28 10:07:46.716297,tf,NFO,60479,265.50,-2.84,1693197471,,,,,,,,,
2023-08-28 10:07:46.719301,tf,NFO,60479,265.50,-2.84,1693197471,,,,,,,,,
2023-08-28 10:07:47.633623,tf,NFO,60479,266.60,-2.43,1693197472,,16554210,266.35,266.75,15,210,,,
2023-08-28 10:07:47.637854,tf,NFO,60479,266.60,-2.43,1693197472,,16554210,266.35,266.75,15,210,,,
2023-08-28 10:07:47.716587,tf,NFO,60479,266.10,-2.62,1693197472,,,,,,,,,
2023-08-28 10:07:47.719585,tf,NFO,60479,266.10,-2.62,1693197472,,,,,,,,,
2023-08-28 10:07:48.234177,tf,NFO,60479,266.05,-2.63,1693197472,,16558275,265.60,266.00,120,60,,,
2023-08-28 10:07:48.238616,tf,NFO,60479,266.05,-2.63,1693197472,,16558275,265.60,266.00,120,60,,,
2023-08-28 10:07:49.718296,tf,NFO,60479,265.90,-2.69,1693197474,,,,,,,,,
2023-08-28 10:07:49.720295,tf,NFO,60479,265.90,-2.69,1693197474,,,,,,,,,
2023-08-28 10:07:50.237784,tf,NFO,60479,266.90,-2.32,1693197474,277.14,16563105,266.50,266.80,165,30,,,
2023-08-28 10:07:50.239780,tf,NFO,60479,266.90,-2.32,1693197474,277.14,16563105,266.50,266.80,165,30,,,
2023-08-28 10:07:50.717620,tf,NFO,60479,266.80,-2.36,1693197475,,,,,,,,,
2023-08-28 10:07:50.723935,tf,NFO,60479,266.80,-2.36,1693197475,,,,,,,,,
2023-08-28 10:07:51.721426,tf,NFO,60479,267.00,-2.29,1693197476,,,,,,,,,
2023-08-28 10:07:51.722425,tf,NFO,60479,267.00,-2.29,1693197476,,,,,,,,,
2023-08-28 10:07:52.449161,tf,NFO,60479,267.45,-2.12,1693197476,,16566780,267.20,267.70,120,105,,,
2023-08-28 10:07:52.450161,tf,NFO,60479,267.45,-2.12,1693197476,,16566780,267.20,267.70,120,105,,,
2023-08-28 10:07:52.720449,tf,NFO,60479,267.95,-1.94,1693197477,,,,,,,,,
2023-08-28 10:07:52.726373,tf,NFO,60479,267.95,-1.94,1693197477,,,,,,,,,
2023-08-28 10:07:53.247531,tf,NFO,60479,268.70,-1.67,1693197477,,16568310,268.70,269.00,90,420,,,
2023-08-28 10:07:53.251331,tf,NFO,60479,268.70,-1.67,1693197477,,16568310,268.70,269.00,90,420,,,
2023-08-28 10:07:53.723646,tf,NFO,60479,269.10,-1.52,1693197478,,,,,,,,,
2023-08-28 10:07:53.728642,tf,NFO,60479,269.10,-1.52,1693197478,,,,,,,,,
2023-08-28 10:07:54.242644,tf,NFO,60479,269.75,-1.28,1693197478,,16569735,269.45,269.75,120,45,,,
2023-08-28 10:07:54.247560,tf,NFO,60479,269.75,-1.28,1693197478,,16569735,269.45,269.75,120,45,,,
2023-08-28 10:07:54.720915,tf,NFO,60479,270.00,-1.19,1693197479,,,,,,,,,
2023-08-28 10:07:54.724913,tf,NFO,60479,270.00,-1.19,1693197479,,,,,,,,,
2023-08-28 10:07:56.246631,tf,NFO,60479,269.60,-1.34,1693197480,,16570980,269.70,,45,5175,,,
2023-08-28 10:07:56.250887,tf,NFO,60479,269.60,-1.34,1693197480,,16570980,269.70,,45,5175,,,
2023-08-28 10:07:56.722885,tf,NFO,60479,269.65,-1.32,1693197481,,,,,,,,,
2023-08-28 10:07:56.726889,tf,NFO,60479,269.65,-1.32,1693197481,,,,,,,,,
2023-08-28 10:07:57.249459,tf,NFO,60479,269.85,-1.24,1693197481,,16571640,269.65,269.85,15,60,,,
2023-08-28 10:07:57.253462,tf,NFO,60479,269.85,-1.24,1693197481,,16571640,269.65,269.85,15,60,,,
2023-08-28 10:07:57.724201,tf,NFO,60479,270.00,-1.19,1693197482,,,,,,,,,
2023-08-28 10:07:57.727199,tf,NFO,60479,270.00,-1.19,1693197482,,,,,,,,,
2023-08-28 10:07:58.251062,tf,NFO,60479,270.50,-1.01,1693197482,,16577520,270.20,270.50,90,495,,,
2023-08-28 10:07:58.253066,tf,NFO,60479,270.50,-1.01,1693197482,,16577520,270.20,270.50,90,495,,,
2023-08-28 10:07:58.724684,tf,NFO,60479,270.10,-1.15,1693197483,,,,,,,,,
2023-08-28 10:07:58.729064,tf,NFO,60479,270.10,-1.15,1693197483,,,,,,,,,
2023-08-28 10:07:59.250428,tf,NFO,60479,270.50,-1.01,1693197483,,16579485,,,15,120,,,
2023-08-28 10:07:59.253431,tf,NFO,60479,270.50,-1.01,1693197483,,16579485,,,15,120,,,
2023-08-28 10:07:59.725190,tf,NFO,60479,270.85,-0.88,1693197484,,,,,,,,,
2023-08-28 10:07:59.761948,tf,NFO,60479,270.85,-0.88,1693197484,,,,,,,,,
2023-08-28 10:08:00.255700,tf,NFO,60479,270.60,-0.97,1693197484,,16580955,270.65,271.05,,75,,,
2023-08-28 10:08:00.259700,tf,NFO,60479,270.60,-0.97,1693197484,,16580955,270.65,271.05,,75,,,
2023-08-28 10:08:00.727407,tf,NFO,60479,270.80,-0.90,1693197485,,,,,,,,,
2023-08-28 10:08:00.731405,tf,NFO,60479,270.80,-0.90,1693197485,,,,,,,,,
2023-08-28 10:08:01.258092,tf,NFO,60479,270.05,-1.17,1693197485,,16581945,269.55,269.95,150,60,,,
2023-08-28 10:08:01.269073,tf,NFO,60479,270.05,-1.17,1693197485,,16581945,269.55,269.95,150,60,,,
2023-08-28 10:08:02.259456,tf,NFO,60479,269.15,-1.50,1693197486,277.13,16583535,269.20,269.60,75,75,,,
2023-08-28 10:08:02.263453,tf,NFO,60479,269.15,-1.50,1693197486,277.13,16583535,269.20,269.60,75,75,,,
2023-08-28 10:08:02.727675,tf,NFO,60479,269.65,-1.32,1693197487,,,,,,,,,
2023-08-28 10:08:02.731670,tf,NFO,60479,269.65,-1.32,1693197487,,,,,,,,,
2023-08-28 10:08:03.257346,tf,NFO,60479,269.10,-1.52,1693197487,,16584480,268.70,269.10,,225,,,
2023-08-28 10:08:03.262343,tf,NFO,60479,269.10,-1.52,1693197487,,16584480,268.70,269.10,,225,,,
2023-08-28 10:08:03.730050,tf,NFO,60479,268.90,-1.59,1693197488,,,,,,,,,
2023-08-28 10:08:03.732051,tf,NFO,60479,268.90,-1.59,1693197488,,,,,,,,,
2023-08-28 10:08:04.259723,tf,NFO,60479,268.75,-1.65,1693197488,,16586205,268.35,268.75,30,60,,,
2023-08-28 10:08:04.266718,tf,NFO,60479,268.75,-1.65,1693197488,,16586205,268.35,268.75,30,60,,,
2023-08-28 10:08:04.729432,tf,NFO,60479,268.90,-1.59,1693197489,,,,,,,,,
2023-08-28 10:08:04.732431,tf,NFO,60479,268.90,-1.59,1693197489,,,,,,,,,
2023-08-28 10:08:05.728810,tf,NFO,60479,269.10,-1.52,1693197490,,,,,,,,,
2023-08-28 10:08:05.733808,tf,NFO,60479,269.10,-1.52,1693197490,,,,,,,,,
2023-08-28 10:08:06.267476,tf,NFO,60479,269.05,-1.54,1693197490,,16587870,269.00,269.35,,75,,,
2023-08-28 10:08:06.268475,tf,NFO,60479,269.05,-1.54,1693197490,,16587870,269.00,269.35,,75,,,
2023-08-28 10:08:06.728190,tf,NFO,60479,269.00,-1.56,1693197491,,,,,,,,,
2023-08-28 10:08:06.734187,tf,NFO,60479,269.00,-1.56,1693197491,,,,,,,,,
2023-08-28 10:08:07.466731,tf,NFO,60479,268.90,-1.59,1693197491,,16589925,268.45,268.80,,30,,,
2023-08-28 10:08:07.468729,tf,NFO,60479,268.90,-1.59,1693197491,,16589925,268.45,268.80,,30,,,
2023-08-28 10:08:07.731565,tf,NFO,60479,268.00,-1.92,1693197492,,,,,,,,,
2023-08-28 10:08:07.734563,tf,NFO,60479,268.00,-1.92,1693197492,,,,,,,,,
2023-08-28 10:08:08.469108,tf,NFO,60479,267.55,-2.09,1693197492,,16592430,267.60,268.05,75,450,,,
2023-08-28 10:08:08.474106,tf,NFO,60479,267.55,-2.09,1693197492,,16592430,267.60,268.05,75,450,,,
2023-08-28 10:08:08.731946,tf,NFO,60479,267.95,-1.94,1693197493,,,,,,,,,
2023-08-28 10:08:08.735941,tf,NFO,60479,267.95,-1.94,1693197493,,,,,,,,,
2023-08-28 10:08:09.471485,tf,NFO,60479,268.45,-1.76,1693197493,,16594185,267.95,268.40,60,45,,,
2023-08-28 10:08:09.475483,tf,NFO,60479,268.45,-1.76,1693197493,,16594185,267.95,268.40,60,45,,,
2023-08-28 10:08:09.731323,tf,NFO,60479,268.40,-1.77,1693197494,,,,,,,,,
2023-08-28 10:08:09.734322,tf,NFO,60479,268.40,-1.77,1693197494,,,,,,,,,
2023-08-28 10:08:10.473862,tf,NFO,60479,267.90,-1.96,1693197494,,16595490,,268.50,165,225,,,
2023-08-28 10:08:10.474863,tf,NFO,60479,267.90,-1.96,1693197494,,16595490,,268.50,165,225,,,
2023-08-28 10:08:10.730705,tf,NFO,60479,268.50,-1.74,1693197495,,,,,,,,,
2023-08-28 10:08:10.736699,tf,NFO,60479,268.50,-1.74,1693197495,,,,,,,,,
2023-08-28 10:08:11.733079,tf,NFO,60479,268.60,-1.70,1693197496,,,,,,,,,
2023-08-28 10:08:11.736078,tf,NFO,60479,268.60,-1.70,1693197496,,,,,,,,,
2023-08-28 10:08:12.271260,tf,NFO,60479,269.00,-1.56,1693197496,,16598175,268.90,269.15,150,90,,,
2023-08-28 10:08:12.275258,tf,NFO,60479,269.00,-1.56,1693197496,,16598175,268.90,269.15,150,90,,,
2023-08-28 10:08:12.733974,tf,NFO,60479,268.90,-1.59,1693197497,,,,,,,,,
2023-08-28 10:08:12.738971,tf,NFO,60479,268.90,-1.59,1693197497,,,,,,,,,
2023-08-28 10:08:13.276408,tf,NFO,60479,269.50,-1.37,1693197497,,16598925,269.15,269.55,45,60,,,
2023-08-28 10:08:13.281404,tf,NFO,60479,269.50,-1.37,1693197497,,16598925,269.15,269.55,45,60,,,
2023-08-28 10:08:14.478195,tf,NFO,60479,269.75,-1.28,1693197498,,16601100,269.80,270.25,15,135,,,
2023-08-28 10:08:14.482197,tf,NFO,60479,269.75,-1.28,1693197498,,16601100,269.80,270.25,15,135,,,
2023-08-28 10:08:14.734380,tf,NFO,60479,269.90,-1.23,1693197499,,,,,,,,,
2023-08-28 10:08:14.740380,tf,NFO,60479,269.90,-1.23,1693197499,,,,,,,,,
2023-08-28 10:08:15.736416,tf,NFO,60479,270.50,-1.01,1693197500,,,,,,,,,
2023-08-28 10:08:15.740543,tf,NFO,60479,270.50,-1.01,1693197500,,,,,,,,,
2023-08-28 10:08:16.482632,tf,NFO,60479,269.70,-1.30,1693197500,277.12,16603590,269.40,269.85,150,,,,
2023-08-28 10:08:16.487178,tf,NFO,60479,269.70,-1.30,1693197500,277.12,16603590,269.40,269.85,150,,,,
2023-08-28 10:08:16.737288,tf,NFO,60479,269.45,-1.39,1693197501,,,,,,,,,
2023-08-28 10:08:16.741121,tf,NFO,60479,269.45,-1.39,1693197501,,,,,,,,,
2023-08-28 10:08:17.483817,tf,NFO,60479,270.45,-1.02,1693197501,,16604190,270.05,270.45,,60,,,
2023-08-28 10:08:17.487810,tf,NFO,60479,270.45,-1.02,1693197501,,16604190,270.05,270.45,,60,,,
2023-08-28 10:08:18.487695,tf,NFO,60479,270.00,-1.19,1693197502,,16605990,270.00,,120,105,,,
2023-08-28 10:08:18.489694,tf,NFO,60479,270.00,-1.19,1693197502,,16605990,270.00,,120,105,,,
2023-08-28 10:08:18.736151,tf,NFO,60479,270.10,-1.15,1693197503,,,,,,,,,
2023-08-28 10:08:18.740068,tf,NFO,60479,270.10,-1.15,1693197503,,,,,,,,,
2023-08-28 10:08:19.489938,tf,NFO,60479,269.75,-1.28,1693197503,,16606980,269.50,269.75,15,45,,,
2023-08-28 10:08:19.491937,tf,NFO,60479,269.75,-1.28,1693197503,,16606980,269.50,269.75,15,45,,,
2023-08-28 10:08:19.735882,tf,NFO,60479,269.95,-1.21,1693197504,,,,,,,,,
2023-08-28 10:08:19.739327,tf,NFO,60479,269.95,-1.21,1693197504,,,,,,,,,
2023-08-28 10:08:20.686212,tf,NFO,60479,269.75,-1.28,1693197505,,16609095,269.75,270.05,45,105,,,
2023-08-28 10:08:20.690356,tf,NFO,60479,269.75,-1.28,1693197505,,16609095,269.75,270.05,45,105,,,
2023-08-28 10:08:21.288479,tf,NFO,60479,269.70,-1.30,1693197505,,16610730,,270.20,90,45,,,
2023-08-28 10:08:21.291476,tf,NFO,60479,269.70,-1.30,1693197505,,16610730,,270.20,90,45,,,
2023-08-28 10:08:21.737780,tf,NFO,60479,269.95,-1.21,1693197506,,,,,,,,,
2023-08-28 10:08:21.739780,tf,NFO,60479,269.95,-1.21,1693197506,,,,,,,,,
2023-08-28 10:08:22.290512,tf,NFO,60479,270.00,-1.19,1693197506,,16612245,269.70,270.00,15,795,,,
2023-08-28 10:08:22.294509,tf,NFO,60479,270.00,-1.19,1693197506,,16612245,269.70,270.00,15,795,,,
2023-08-28 10:08:22.736236,tf,NFO,60479,269.95,-1.21,1693197507,,,,,,,,,
2023-08-28 10:08:22.740233,tf,NFO,60479,269.95,-1.21,1693197507,,,,,,,,,
2023-08-28 10:08:23.292890,tf,NFO,60479,269.50,-1.37,1693197507,,16612560,269.50,269.95,30,195,,,
2023-08-28 10:08:23.296888,tf,NFO,60479,269.50,-1.37,1693197507,,16612560,269.50,269.95,30,195,,,
2023-08-28 10:08:23.738614,tf,NFO,60479,269.90,-1.23,1693197508,,,,,,,,,
2023-08-28 10:08:23.741612,tf,NFO,60479,269.90,-1.23,1693197508,,,,,,,,,
2023-08-28 10:08:24.498822,tf,NFO,60479,268.65,-1.68,1693197508,,16613685,268.65,269.00,75,30,,,
2023-08-28 10:08:24.501825,tf,NFO,60479,268.65,-1.68,1693197508,,16613685,268.65,269.00,75,30,,,
2023-08-28 10:08:24.738051,tf,NFO,60479,268.95,-1.57,1693197509,,,,,,,,,
2023-08-28 10:08:24.742058,tf,NFO,60479,268.95,-1.57,1693197509,,,,,,,,,
2023-08-28 10:08:25.499443,tf,NFO,60479,269.20,-1.48,1693197509,,16614390,268.75,269.20,,75,,,
2023-08-28 10:08:25.501455,tf,NFO,60479,269.20,-1.48,1693197509,,16614390,268.75,269.20,,75,,,
2023-08-28 10:08:25.739545,tf,NFO,60479,269.05,-1.54,1693197510,,,,,,,,,
2023-08-28 10:08:25.741760,tf,NFO,60479,269.05,-1.54,1693197510,,,,,,,,,
2023-08-28 10:08:26.697608,tf,NFO,60479,268.95,-1.57,1693197511,,16615860,268.65,268.95,30,30,,,
2023-08-28 10:08:26.701604,tf,NFO,60479,268.95,-1.57,1693197511,,16615860,268.65,268.95,30,30,,,
2023-08-28 10:08:27.739218,tf,NFO,60479,269.45,-1.39,1693197512,,,,,,,,,
2023-08-28 10:08:27.743573,tf,NFO,60479,269.45,-1.39,1693197512,,,,,,,,,
2023-08-28 10:08:28.502470,tf,NFO,60479,268.90,-1.59,1693197512,,16616490,268.90,269.45,105,480,,,
2023-08-28 10:08:28.504469,tf,NFO,60479,268.90,-1.59,1693197512,,16616490,268.90,269.45,105,480,,,
2023-08-28 10:08:28.740323,tf,NFO,60479,269.45,-1.39,1693197513,,,,,,,,,
2023-08-28 10:08:28.744321,tf,NFO,60479,269.45,-1.39,1693197513,,,,,,,,,
2023-08-28 10:08:29.305171,tf,NFO,60479,269.35,-1.43,1693197513,,16617420,269.10,,75,165,,,
2023-08-28 10:08:29.307176,tf,NFO,60479,269.35,-1.43,1693197513,,16617420,269.10,,75,165,,,
2023-08-28 10:08:30.304204,tf,NFO,60479,269.20,-1.48,1693197514,,16617945,268.75,269.25,165,120,,,
2023-08-28 10:08:30.308341,tf,NFO,60479,269.20,-1.48,1693197514,,16617945,268.75,269.25,165,120,,,
2023-08-28 10:08:30.743178,tf,NFO,60479,268.80,-1.63,1693197515,,,,,,,2524485,,
2023-08-28 10:08:30.747919,tf,NFO,60479,268.80,-1.63,1693197515,,,,,,,2524485,,
2023-08-28 10:08:31.304448,tf,NFO,60479,268.90,-1.59,1693197515,,16618650,268.45,268.90,90,90,,,
2023-08-28 10:08:31.308069,tf,NFO,60479,268.90,-1.59,1693197515,,16618650,268.45,268.90,90,90,,,
2023-08-28 10:08:31.744255,tf,NFO,60479,268.50,-1.74,1693197516,,,,,,,,,
2023-08-28 10:08:31.748253,tf,NFO,60479,268.50,-1.74,1693197516,,,,,,,,,
2023-08-28 10:08:32.306381,tf,NFO,60479,269.15,-1.50,1693197516,,16618890,268.55,269.10,75,420,,,
2023-08-28 10:08:32.311024,tf,NFO,60479,269.15,-1.50,1693197516,,16618890,268.55,269.10,75,420,,,
2023-08-28 10:08:32.743767,tf,NFO,60479,269.20,-1.48,1693197517,,,,,,,,,
2023-08-28 10:08:32.749764,tf,NFO,60479,269.20,-1.48,1693197517,,,,,,,,,
2023-08-28 10:08:33.310273,tf,NFO,60479,268.90,-1.59,1693197517,,16620225,268.80,269.25,30,210,,,
2023-08-28 10:08:33.315269,tf,NFO,60479,268.90,-1.59,1693197517,,16620225,268.80,269.25,30,210,,,
2023-08-28 10:08:33.744623,tf,NFO,60479,269.10,-1.52,1693197518,,,,,,,,,
2023-08-28 10:08:33.749284,tf,NFO,60479,269.10,-1.52,1693197518,,,,,,,,,
2023-08-28 10:08:34.313998,tf,NFO,60479,269.35,-1.43,1693197518,,16620780,268.90,269.35,90,30,,,
2023-08-28 10:08:34.318036,tf,NFO,60479,269.35,-1.43,1693197518,,16620780,268.90,269.35,90,30,,,
2023-08-28 10:08:34.745098,tf,NFO,60479,269.15,-1.50,1693197519,,,,,,,,,
2023-08-28 10:08:34.748096,tf,NFO,60479,269.15,-1.50,1693197519,,,,,,,,,
2023-08-28 10:08:35.746477,tf,NFO,60479,268.95,-1.57,1693197520,,,,,,,,,
2023-08-28 10:08:35.751475,tf,NFO,60479,268.95,-1.57,1693197520,,,,,,,,,
2023-08-28 10:08:36.725869,tf,NFO,60479,269.00,-1.56,1693197521,,16623255,268.80,269.05,165,,,,
2023-08-28 10:08:36.725869,tf,NFO,60479,269.00,-1.56,1693197521,,16623255,268.80,269.05,165,,,,
2023-08-28 10:08:37.720250,tf,NFO,60479,269.30,-1.45,1693197522,,16623675,,269.20,60,30,,,
2023-08-28 10:08:37.724248,tf,NFO,60479,269.30,-1.45,1693197522,,16623675,,269.20,60,30,,,
2023-08-28 10:08:38.719540,tf,NFO,60479,268.85,-1.61,1693197523,,16623810,268.60,269.00,195,15,,,
2023-08-28 10:08:38.723214,tf,NFO,60479,268.85,-1.61,1693197523,,16623810,268.60,269.00,195,15,,,
2023-08-28 10:08:38.747451,tf,NFO,60479,269.00,-1.56,1693197523,,,,,,,,,
2023-08-28 10:08:38.753447,tf,NFO,60479,269.00,-1.56,1693197523,,,,,,,,,
2023-08-28 10:08:39.319987,tf,NFO,60479,268.60,-1.70,1693197523,,16623960,268.65,,60,,,,
2023-08-28 10:08:39.324983,tf,NFO,60479,268.60,-1.70,1693197523,,16623960,268.65,,60,,,,
2023-08-28 10:08:39.749314,tf,NFO,60479,268.70,-1.67,1693197524,,,,,,,,,
2023-08-28 10:08:39.752317,tf,NFO,60479,268.70,-1.67,1693197524,,,,,,,,,
2023-08-28 10:08:40.519502,tf,NFO,60479,269.00,-1.56,1693197524,277.11,16625160,269.05,269.45,30,90,,,
2023-08-28 10:08:40.522501,tf,NFO,60479,269.00,-1.56,1693197524,277.11,16625160,269.05,269.45,30,90,,,
2023-08-28 10:08:40.747618,tf,NFO,60479,269.20,-1.48,1693197525,,,,,,,,,
2023-08-28 10:08:40.753753,tf,NFO,60479,269.20,-1.48,1693197525,,,,,,,,,
2023-08-28 10:08:41.721848,tf,NFO,60479,270.00,-1.19,1693197526,,16626390,269.25,269.65,,,,,
2023-08-28 10:08:41.726186,tf,NFO,60479,270.00,-1.19,1693197526,,16626390,269.25,269.65,,,,,
2023-08-28 10:08:42.750265,tf,NFO,60479,270.15,-1.13,1693197527,,,,,,,,,
2023-08-28 10:08:42.753654,tf,NFO,60479,270.15,-1.13,1693197527,,,,,,,,,
2023-08-28 10:08:43.531002,tf,NFO,60479,270.55,-0.99,1693197527,,16630335,270.60,271.05,,90,,,
2023-08-28 10:08:43.533008,tf,NFO,60479,270.55,-0.99,1693197527,,16630335,270.60,271.05,,90,,,
2023-08-28 10:08:44.532664,tf,NFO,60479,268.40,-1.77,1693197528,,16636365,268.55,268.85,135,75,,,
2023-08-28 10:08:44.534670,tf,NFO,60479,268.40,-1.77,1693197528,,16636365,268.55,268.85,135,75,,,
2023-08-28 10:08:44.750969,tf,NFO,60479,268.80,-1.63,1693197529,,,,,,,,,
2023-08-28 10:08:44.755265,tf,NFO,60479,268.80,-1.63,1693197529,,,,,,,,,
2023-08-28 10:08:45.530702,tf,NFO,60479,269.00,-1.56,1693197529,,16636860,268.60,269.05,120,60,,,
2023-08-28 10:08:45.534707,tf,NFO,60479,269.00,-1.56,1693197529,,16636860,268.60,269.05,120,60,,,
2023-08-28 10:08:45.752282,tf,NFO,60479,269.05,-1.54,1693197530,,,,,,,,,
2023-08-28 10:08:45.755279,tf,NFO,60479,269.05,-1.54,1693197530,,,,,,,,,
2023-08-28 10:08:46.532971,tf,NFO,60479,268.00,-1.92,1693197530,,16639590,267.75,268.00,30,225,,,
2023-08-28 10:08:46.537319,tf,NFO,60479,268.00,-1.92,1693197530,,16639590,267.75,268.00,30,225,,,
2023-08-28 10:08:47.737067,tf,NFO,60479,268.10,-1.88,1693197532,,16640790,267.60,,90,105,,,
2023-08-28 10:08:47.740881,tf,NFO,60479,268.10,-1.88,1693197532,,16640790,267.60,,90,105,,,
2023-08-28 10:08:47.752690,tf,NFO,60479,268.00,-1.92,1693197532,,,,,,,,,
2023-08-28 10:08:47.757691,tf,NFO,60479,268.00,-1.92,1693197532,,,,,,,,,
2023-08-28 10:08:48.757073,tf,NFO,60479,268.10,-1.88,1693197533,,,,,,,,,
2023-08-28 10:08:48.760069,tf,NFO,60479,268.10,-1.88,1693197533,,,,,,,,,
2023-08-28 10:08:49.541157,tf,NFO,60479,267.30,-2.18,1693197533,277.10,16651845,266.90,267.25,75,360,,,
2023-08-28 10:08:49.542149,tf,NFO,60479,267.30,-2.18,1693197533,277.10,16651845,266.90,267.25,75,360,,,
2023-08-28 10:08:49.754109,tf,NFO,60479,266.85,-2.34,1693197534,,,,,,,,,
2023-08-28 10:08:49.760323,tf,NFO,60479,266.85,-2.34,1693197534,,,,,,,,,
2023-08-28 10:08:50.734937,tf,NFO,60479,266.55,-2.45,1693197535,,16654965,266.65,266.90,,435,,,
2023-08-28 10:08:50.738938,tf,NFO,60479,266.55,-2.45,1693197535,,16654965,266.65,266.90,,435,,,
2023-08-28 10:08:51.737181,tf,NFO,60479,266.70,-2.40,1693197536,,16657230,266.40,266.65,15,90,,,
2023-08-28 10:08:51.741175,tf,NFO,60479,266.70,-2.40,1693197536,,16657230,266.40,266.65,15,90,,,
2023-08-28 10:08:52.739120,tf,NFO,60479,266.50,-2.47,1693197537,,16658595,266.35,266.75,60,120,,,
2023-08-28 10:08:52.741121,tf,NFO,60479,266.50,-2.47,1693197537,,16658595,266.35,266.75,60,120,,,
2023-08-28 10:08:53.742080,tf,NFO,60479,265.70,-2.76,1693197538,277.09,16664970,265.65,266.05,105,60,,,
2023-08-28 10:08:53.745079,tf,NFO,60479,265.70,-2.76,1693197538,277.09,16664970,265.65,266.05,105,60,,,
2023-08-28 10:08:54.742723,tf,NFO,60479,265.40,-2.87,1693197539,,16666395,265.50,265.85,75,45,,,
2023-08-28 10:08:54.747721,tf,NFO,60479,265.40,-2.87,1693197539,,16666395,265.50,265.85,75,45,,,
2023-08-28 10:08:55.746056,tf,NFO,60479,265.75,-2.74,1693197540,,16667340,265.35,265.75,135,,,,
2023-08-28 10:08:55.751053,tf,NFO,60479,265.75,-2.74,1693197540,,16667340,265.35,265.75,135,,,,
2023-08-28 10:08:56.758193,tf,NFO,60479,265.70,-2.76,1693197541,,,,,,,,,
2023-08-28 10:08:56.763040,tf,NFO,60479,265.70,-2.76,1693197541,,,,,,,,,
2023-08-28 10:08:56.945806,tf,NFO,60479,265.65,-2.78,1693197541,,16668435,265.25,265.70,285,60,,,
2023-08-28 10:08:56.976788,tf,NFO,60479,265.65,-2.78,1693197541,,16668435,265.25,265.70,285,60,,,
2023-08-28 10:08:57.344321,tf,NFO,60479,265.35,-2.89,1693197541,,16668930,265.40,265.75,75,90,,,
2023-08-28 10:08:57.346326,tf,NFO,60479,265.35,-2.89,1693197541,,16668930,265.40,265.75,75,90,,,
2023-08-28 10:08:57.760994,tf,NFO,60479,265.65,-2.78,1693197542,,,,,,,,,
2023-08-28 10:08:57.763375,tf,NFO,60479,265.65,-2.78,1693197542,,,,,,,,,
2023-08-28 10:08:58.758946,tf,NFO,60479,265.60,-2.80,1693197543,,,,,,,,,
2023-08-28 10:08:58.763942,tf,NFO,60479,265.60,-2.80,1693197543,,,,,,,,,
2023-08-28 10:08:59.348858,tf,NFO,60479,265.70,-2.76,1693197543,,16672290,265.10,265.45,30,135,,,
2023-08-28 10:08:59.354850,tf,NFO,60479,265.70,-2.76,1693197543,,16672290,265.10,265.45,30,135,,,
2023-08-28 10:08:59.961200,tf,NFO,60479,264.40,-3.24,1693197544,,,,,,,,,
2023-08-28 10:08:59.964203,tf,NFO,60479,264.40,-3.24,1693197544,,,,,,,,,
2023-08-28 10:09:00.759953,tf,NFO,60479,264.95,-3.04,1693197545,,,,,,,,,
2023-08-28 10:09:00.762951,tf,NFO,60479,264.95,-3.04,1693197545,,,,,,,,,
2023-08-28 10:09:01.761400,tf,NFO,60479,265.00,-3.02,1693197546,,,,,,,,,
2023-08-28 10:09:01.763399,tf,NFO,60479,265.00,-3.02,1693197546,,,,,,,,,
2023-08-28 10:09:02.360029,tf,NFO,60479,264.60,-3.17,1693197546,,16689240,264.70,265.00,45,405,,,
2023-08-28 10:09:02.397004,tf,NFO,60479,264.60,-3.17,1693197546,,16689240,264.70,265.00,45,405,,,
2023-08-28 10:09:02.762778,tf,NFO,60479,266.25,-2.56,1693197547,,,,,,,,,
2023-08-28 10:09:02.780767,tf,NFO,60479,266.25,-2.56,1693197547,,,,,,,,,
2023-08-28 10:09:03.357409,tf,NFO,60479,265.80,-2.73,1693197547,277.07,16694040,265.80,266.00,465,90,,,
2023-08-28 10:09:03.364406,tf,NFO,60479,265.80,-2.73,1693197547,277.07,16694040,265.80,266.00,465,90,,,
2023-08-28 10:09:03.762158,tf,NFO,60479,266.05,-2.63,1693197548,,,,,,,,,
2023-08-28 10:09:03.764157,tf,NFO,60479,266.05,-2.63,1693197548,,,,,,,,,
2023-08-28 10:09:04.356787,tf,NFO,60479,267.00,-2.29,1693197548,,16696335,266.65,267.10,180,30,,,
2023-08-28 10:09:04.358786,tf,NFO,60479,267.00,-2.29,1693197548,,16696335,266.65,267.10,180,30,,,
2023-08-28 10:09:04.762987,tf,NFO,60479,267.25,-2.20,1693197549,,,,,,,,,
2023-08-28 10:09:04.765997,tf,NFO,60479,267.25,-2.20,1693197549,,,,,,,,,
2023-08-28 10:09:05.359234,tf,NFO,60479,266.55,-2.45,1693197549,,16697505,266.35,266.75,60,225,,,
2023-08-28 10:09:05.360243,tf,NFO,60479,266.55,-2.45,1693197549,,16697505,266.35,266.75,60,225,,,
2023-08-28 10:09:05.762677,tf,NFO,60479,266.80,-2.36,1693197550,,,,,,,,,
2023-08-28 10:09:05.765682,tf,NFO,60479,266.80,-2.36,1693197550,,,,,,,,,
2023-08-28 10:09:06.365057,tf,NFO,60479,266.45,-2.49,1693197550,,16697655,266.45,266.70,,30,,,
2023-08-28 10:09:06.367056,tf,NFO,60479,266.45,-2.49,1693197550,,16697655,266.45,266.70,,30,,,
2023-08-28 10:09:06.760810,tf,NFO,60479,266.70,-2.40,1693197551,,,,,,,,,
2023-08-28 10:09:06.764808,tf,NFO,60479,266.70,-2.40,1693197551,,,,,,,,,
2023-08-28 10:09:07.557316,tf,NFO,60479,266.80,-2.36,1693197551,,16697685,266.40,266.80,30,,,,
2023-08-28 10:09:07.564311,tf,NFO,60479,266.80,-2.36,1693197551,,16697685,266.40,266.80,30,,,,
2023-08-28 10:09:08.759569,tf,NFO,60479,266.15,-2.60,1693197553,,16698645,265.75,266.10,60,60,,,
2023-08-28 10:09:09.364194,tf,NFO,60479,265.65,-2.78,1693197553,,16698765,265.65,265.70,90,15,,,
2023-08-28 10:09:10.062759,tf,NFO,60479,265.95,-2.67,1693197554,,,,,,,,,
2023-08-28 10:09:10.364571,tf,NFO,60479,265.35,-2.89,1693197554,,16699260,265.20,265.40,15,,,,
2023-08-28 10:09:10.766002,tf,NFO,60479,265.30,-2.91,1693197555,,,,,,,,,
2023-08-28 10:09:11.363629,tf,NFO,60479,265.60,-2.80,1693197555,,16701000,265.15,265.60,60,60,,,
2023-08-28 10:09:12.368266,tf,NFO,60479,265.40,-2.87,1693197556,,16702515,265.05,265.45,90,30,,,
2023-08-28 10:09:12.766076,tf,NFO,60479,265.15,-2.96,1693197557,,,,,,,,,
2023-08-28 10:09:13.568053,tf,NFO,60479,264.85,-3.07,1693197557,277.06,16709610,264.55,264.90,45,90,,,
2023-08-28 10:09:13.681401,tf,NFO,60479,264.85,-3.07,1693197557,277.06,16709610,264.55,264.90,45,90,,,
2023-08-28 10:09:13.770346,tf,NFO,60479,264.50,-3.20,1693197558,,,,,,,,,
2023-08-28 10:09:13.771348,tf,NFO,60479,264.50,-3.20,1693197558,,,,,,,,,
2023-08-28 10:09:14.773361,tf,NFO,60479,264.80,-3.09,1693197559,,16710750,264.60,264.75,30,45,,,
2023-08-28 10:09:14.775358,tf,NFO,60479,264.80,-3.09,1693197559,,16710750,264.60,264.75,30,45,,,
2023-08-28 10:09:15.770678,tf,NFO,60479,265.00,-3.02,1693197560,,,,,,,,,
2023-08-28 10:09:15.773683,tf,NFO,60479,265.00,-3.02,1693197560,,,,,,,,,
2023-08-28 10:09:16.772691,tf,NFO,60479,264.20,-3.31,1693197561,,,,,,,,,
2023-08-28 10:09:16.777867,tf,NFO,60479,264.20,-3.31,1693197561,,,,,,,,,
2023-08-28 10:09:17.576752,tf,NFO,60479,264.60,-3.17,1693197561,,16713390,264.10,264.55,60,45,,,
2023-08-28 10:09:17.585669,tf,NFO,60479,264.60,-3.17,1693197561,,16713390,264.10,264.55,60,45,,,
2023-08-28 10:09:17.772697,tf,NFO,60479,264.10,-3.35,1693197562,,,,,,,,,
2023-08-28 10:09:17.774703,tf,NFO,60479,264.10,-3.35,1693197562,,,,,,,,,
2023-08-28 10:09:18.373151,tf,NFO,60479,264.70,-3.13,1693197562,,16715880,264.20,264.60,,15,,,
2023-08-28 10:09:18.377150,tf,NFO,60479,264.70,-3.13,1693197562,,16715880,264.20,264.60,,15,,,
2023-08-28 10:09:19.384078,tf,NFO,60479,264.25,-3.29,1693197563,,16716615,264.25,264.55,135,,,,
2023-08-28 10:09:19.389073,tf,NFO,60479,264.25,-3.29,1693197563,,16716615,264.25,264.55,135,,,,
2023-08-28 10:09:19.772050,tf,NFO,60479,264.80,-3.09,1693197564,,,,,,,,,
2023-08-28 10:09:19.777147,tf,NFO,60479,264.80,-3.09,1693197564,,,,,,,,,
2023-08-28 10:09:20.587639,tf,NFO,60479,264.40,-3.24,1693197565,277.05,16717905,264.40,264.70,30,,,,
2023-08-28 10:09:20.594219,tf,NFO,60479,264.40,-3.24,1693197565,277.05,16717905,264.40,264.70,30,,,,
2023-08-28 10:09:20.772050,tf,NFO,60479,265.50,-2.84,1693197565,,,,,,,,,
2023-08-28 10:09:20.778530,tf,NFO,60479,265.50,-2.84,1693197565,,,,,,,,,
2023-08-28 10:09:21.580479,tf,NFO,60479,264.75,-3.11,1693197566,,16720170,264.75,265.20,60,60,,,
2023-08-28 10:09:21.585061,tf,NFO,60479,264.75,-3.11,1693197566,,16720170,264.75,265.20,60,60,,,
2023-08-28 10:09:21.776997,tf,NFO,60479,264.85,-3.07,1693197566,,,,,,,,,
2023-08-28 10:09:21.777998,tf,NFO,60479,264.85,-3.07,1693197566,,,,,,,,,
2023-08-28 10:09:22.382010,tf,NFO,60479,265.20,-2.95,1693197566,,16720905,264.70,265.05,,30,,,
2023-08-28 10:09:22.385971,tf,NFO,60479,265.20,-2.95,1693197566,,16720905,264.70,265.05,,30,,,
2023-08-28 10:09:22.774974,tf,NFO,60479,265.25,-2.93,1693197567,,,,,,,,,
2023-08-28 10:09:22.776972,tf,NFO,60479,265.25,-2.93,1693197567,,,,,,,,,
2023-08-28 10:09:24.597545,tf,NFO,60479,265.95,-2.67,1693197569,,16722945,265.45,265.95,,255,,,
2023-08-28 10:09:24.601547,tf,NFO,60479,265.95,-2.67,1693197569,,16722945,265.45,265.95,,255,,,
2023-08-28 10:09:25.778518,tf,NFO,60479,266.35,-2.53,1693197570,,,,,,,,,
2023-08-28 10:09:25.779518,tf,NFO,60479,266.35,-2.53,1693197570,,,,,,,,,
2023-08-28 10:09:26.782529,tf,NFO,60479,266.55,-2.45,1693197571,,,,,,,,,
2023-08-28 10:09:26.784531,tf,NFO,60479,266.55,-2.45,1693197571,,,,,,,,,
2023-08-28 10:09:27.393310,tf,NFO,60479,264.80,-3.09,1693197571,,16725420,265.10,265.50,45,105,,,
2023-08-28 10:09:27.396307,tf,NFO,60479,264.80,-3.09,1693197571,,16725420,265.10,265.50,45,105,,,
2023-08-28 10:09:27.779575,tf,NFO,60479,265.90,-2.69,1693197572,,,,,,,,,
2023-08-28 10:09:27.782568,tf,NFO,60479,265.90,-2.69,1693197572,,,,,,,,,
2023-08-28 10:09:28.592195,tf,NFO,60479,265.35,-2.89,1693197573,,16726020,265.35,265.75,15,30,,,
2023-08-28 10:09:28.598193,tf,NFO,60479,265.35,-2.89,1693197573,,16726020,265.35,265.75,15,30,,,
2023-08-28 10:09:28.778771,tf,NFO,60479,265.25,-2.93,1693197573,,,,,,,,,
2023-08-28 10:09:28.783767,tf,NFO,60479,265.25,-2.93,1693197573,,,,,,,,,
2023-08-28 10:09:29.397388,tf,NFO,60479,265.75,-2.74,1693197573,,16726395,265.55,266.00,30,15,,,
2023-08-28 10:09:29.413378,tf,NFO,60479,265.75,-2.74,1693197573,,16726395,265.55,266.00,30,15,,,
2023-08-28 10:09:29.778151,tf,NFO,60479,265.70,-2.76,1693197574,,,,,,,,,
2023-08-28 10:09:29.783148,tf,NFO,60479,265.70,-2.76,1693197574,,,,,,,,,
2023-08-28 10:09:30.595166,tf,NFO,60479,265.20,-2.95,1693197575,,16727850,265.00,265.35,105,30,,,
2023-08-28 10:09:31.780464,tf,NFO,60479,266.35,-2.53,1693197576,,,,,,,,,
2023-08-28 10:09:32.400206,tf,NFO,60479,267.00,-2.29,1693197576,,16729650,266.70,267.00,105,90,,,
2023-08-28 10:09:32.782471,tf,NFO,60479,266.15,-2.60,1693197577,,,,,,,,,
2023-08-28 10:09:33.401041,tf,NFO,60479,266.80,-2.36,1693197577,,16730985,266.80,,120,120,,,
2023-08-28 10:09:33.781051,tf,NFO,60479,267.00,-2.29,1693197578,,,,,,,,,
2023-08-28 10:09:34.398556,tf,NFO,60479,267.40,-2.14,1693197578,,16731630,266.85,267.25,195,15,,,
2023-08-28 10:09:34.782315,tf,NFO,60479,267.25,-2.20,1693197579,,,,,,,,,
2023-08-28 10:09:35.408271,tf,NFO,60479,267.45,-2.12,1693197579,,16732035,267.25,267.45,15,120,,,
2023-08-28 10:09:35.525417,tf,NFO,60479,267.45,-2.12,1693197579,,16732035,267.25,267.45,15,120,,,
2023-08-28 10:09:35.782645,tf,NFO,60479,267.65,-2.05,1693197580,,,,,,,,,
2023-08-28 10:09:35.786643,tf,NFO,60479,267.65,-2.05,1693197580,,,,,,,,,
2023-08-28 10:09:36.602994,tf,NFO,60479,267.95,-1.94,1693197581,277.04,16733700,267.50,267.90,30,15,,,
2023-08-28 10:09:36.783160,tf,NFO,60479,267.30,-2.18,1693197581,,,,,,,,,
2023-08-28 10:09:36.855557,tf,NFO,60479,267.95,-1.94,1693197581,277.04,16733700,267.50,267.90,30,15,,,
2023-08-28 10:09:36.859397,tf,NFO,60479,267.30,-2.18,1693197581,,,,,,,,,
2023-08-28 10:09:37.407210,tf,NFO,60479,267.50,-2.10,1693197581,,16735365,267.00,267.40,45,30,,,
2023-08-28 10:09:37.411331,tf,NFO,60479,267.50,-2.10,1693197581,,16735365,267.00,267.40,45,30,,,
2023-08-28 10:09:37.784281,tf,NFO,60479,267.45,-2.12,1693197582,,,,,,,,,
2023-08-28 10:09:37.786283,tf,NFO,60479,267.45,-2.12,1693197582,,,,,,,,,
2023-08-28 10:09:38.604291,tf,NFO,60479,267.10,-2.25,1693197583,,16735920,266.70,267.05,15,60,,,
2023-08-28 10:09:38.607292,tf,NFO,60479,267.10,-2.25,1693197583,,16735920,266.70,267.05,15,60,,,
2023-08-28 10:09:38.784595,tf,NFO,60479,266.75,-2.38,1693197583,,,,,,,,,
2023-08-28 10:09:38.787592,tf,NFO,60479,266.75,-2.38,1693197583,,,,,,,,,
2023-08-28 10:09:39.784957,tf,NFO,60479,267.00,-2.29,1693197584,,,,,,,,,
2023-08-28 10:09:39.789954,tf,NFO,60479,267.00,-2.29,1693197584,,,,,,,,,
2023-08-28 10:09:40.783966,tf,NFO,60479,266.70,-2.40,1693197585,,,,,,,,,
2023-08-28 10:09:40.789188,tf,NFO,60479,266.70,-2.40,1693197585,,,,,,,,,
2023-08-28 10:09:41.615735,tf,NFO,60479,266.95,-2.31,1693197586,,16736850,266.45,266.80,45,90,,,
2023-08-28 10:09:41.616733,tf,NFO,60479,266.95,-2.31,1693197586,,16736850,266.45,266.80,45,90,,,
2023-08-28 10:09:42.787417,tf,NFO,60479,266.00,-2.65,1693197587,,,,,,,,,
2023-08-28 10:09:42.788422,tf,NFO,60479,266.00,-2.65,1693197587,,,,,,,,,
2023-08-28 10:09:43.415517,tf,NFO,60479,265.80,-2.73,1693197587,,16737780,265.65,265.80,30,30,,,
2023-08-28 10:09:43.424547,tf,NFO,60479,265.80,-2.73,1693197587,,16737780,265.65,265.80,30,30,,,
2023-08-28 10:09:43.785558,tf,NFO,60479,265.25,-2.93,1693197588,,,,,,,,,
2023-08-28 10:09:43.799550,tf,NFO,60479,265.25,-2.93,1693197588,,,,,,,,,
2023-08-28 10:09:44.414835,tf,NFO,60479,265.45,-2.85,1693197588,,16738650,265.15,265.50,,,,,
2023-08-28 10:09:44.418690,tf,NFO,60479,265.45,-2.85,1693197588,,16738650,265.15,265.50,,,,,
2023-08-28 10:09:44.786692,tf,NFO,60479,265.35,-2.89,1693197589,,,,,,,,,
2023-08-28 10:09:44.788691,tf,NFO,60479,265.35,-2.89,1693197589,,,,,,,,,
2023-08-28 10:09:45.421578,tf,NFO,60479,264.75,-3.11,1693197589,,16740345,264.60,265.05,255,90,,,
2023-08-28 10:09:45.425575,tf,NFO,60479,264.75,-3.11,1693197589,,16740345,264.60,265.05,255,90,,,
2023-08-28 10:09:45.786371,tf,NFO,60479,265.00,-3.02,1693197590,,,,,,,,,
2023-08-28 10:09:45.791826,tf,NFO,60479,265.00,-3.02,1693197590,,,,,,,,,
2023-08-28 10:09:46.786953,tf,NFO,60479,264.45,-3.22,1693197591,,,,,,,,,
2023-08-28 10:09:46.791426,tf,NFO,60479,264.45,-3.22,1693197591,,,,,,,,,
2023-08-28 10:09:47.624754,tf,NFO,60479,264.75,-3.11,1693197592,,16742835,264.75,,15,675,,,
2023-08-28 10:09:47.628748,tf,NFO,60479,264.75,-3.11,1693197592,,16742835,264.75,,15,675,,,
2023-08-28 10:09:47.786797,tf,NFO,60479,264.65,-3.15,1693197592,,,,,,,,,
2023-08-28 10:09:47.791487,tf,NFO,60479,264.65,-3.15,1693197592,,,,,,,,,
2023-08-28 10:09:48.788107,tf,NFO,60479,264.95,-3.04,1693197593,,,,,,,,,
2023-08-28 10:09:48.792540,tf,NFO,60479,264.95,-3.04,1693197593,,,,,,,,,
2023-08-28 10:09:49.424029,tf,NFO,60479,264.40,-3.24,1693197593,,16744515,264.35,264.65,450,105,,,
2023-08-28 10:09:49.430260,tf,NFO,60479,264.40,-3.24,1693197593,,16744515,264.35,264.65,450,105,,,
2023-08-28 10:09:49.789869,tf,NFO,60479,264.55,-3.18,1693197594,,,,,,,,,
2023-08-28 10:09:49.792419,tf,NFO,60479,264.55,-3.18,1693197594,,,,,,,,,
2023-08-28 10:09:50.426770,tf,NFO,60479,264.35,-3.26,1693197594,,16745685,264.10,264.45,60,30,,,
2023-08-28 10:09:50.432767,tf,NFO,60479,264.35,-3.26,1693197594,,16745685,264.10,264.45,60,30,,,
2023-08-28 10:09:50.790544,tf,NFO,60479,264.40,-3.24,1693197595,,,,,,,,,
2023-08-28 10:09:50.796541,tf,NFO,60479,264.40,-3.24,1693197595,,,,,,,,,
2023-08-28 10:09:51.428647,tf,NFO,60479,264.35,-3.26,1693197595,,16746435,264.20,264.40,90,45,,,
2023-08-28 10:09:51.432645,tf,NFO,60479,264.35,-3.26,1693197595,,16746435,264.20,264.40,90,45,,,
2023-08-28 10:09:51.790423,tf,NFO,60479,264.05,-3.37,1693197596,,,,,,,,,
2023-08-28 10:09:51.796419,tf,NFO,60479,264.05,-3.37,1693197596,,,,,,,,,
2023-08-28 10:09:52.630989,tf,NFO,60479,264.35,-3.26,1693197597,277.03,16751460,263.85,264.30,,60,,,
2023-08-28 10:09:52.635984,tf,NFO,60479,264.35,-3.26,1693197597,277.03,16751460,263.85,264.30,,60,,,
2023-08-28 10:09:53.632968,tf,NFO,60479,263.60,-3.53,1693197598,,16755270,263.70,264.05,,,,,
2023-08-28 10:09:53.635970,tf,NFO,60479,263.60,-3.53,1693197598,,16755270,263.70,264.05,,,,,
2023-08-28 10:09:53.791912,tf,NFO,60479,263.65,-3.51,1693197598,,,,,,,,,
2023-08-28 10:09:53.799451,tf,NFO,60479,263.65,-3.51,1693197598,,,,,,,,,
2023-08-28 10:09:54.638769,tf,NFO,60479,263.15,-3.70,1693197599,,16756575,263.15,263.60,135,90,,,
2023-08-28 10:09:54.795669,tf,NFO,60479,263.45,-3.59,1693197599,,,,,,,,,
2023-08-28 10:09:55.434169,tf,NFO,60479,262.75,-3.84,1693197599,277.02,16761225,262.75,263.20,15,30,,,
2023-08-28 10:09:55.794946,tf,NFO,60479,262.80,-3.82,1693197600,,,,,,,,,
2023-08-28 10:09:56.437097,tf,NFO,60479,262.60,-3.90,1693197600,,16769040,262.70,263.15,30,60,,,
2023-08-28 10:09:56.797875,tf,NFO,60479,262.40,-3.97,1693197601,,,,,,,,,
2023-08-28 10:09:57.634834,tf,NFO,60479,261.40,-4.34,1693197602,277.01,16779135,261.40,261.75,45,30,,,
2023-08-28 10:09:57.796509,tf,NFO,60479,261.45,-4.32,1693197602,,,,,,,,,
2023-08-28 10:09:58.638221,tf,NFO,60479,263.10,-3.71,1693197603,,16782525,262.95,263.25,105,15,,,
2023-08-28 10:09:58.799129,tf,NFO,60479,262.90,-3.79,1693197603,,,,,,,,,
2023-08-28 10:09:59.641351,tf,NFO,60479,263.05,-3.73,1693197604,277.00,16786725,263.05,263.35,45,45,,,
2023-08-28 10:09:59.799251,tf,NFO,60479,262.75,-3.84,1693197604,,,,,,,,,
2023-08-28 10:10:00.643630,tf,NFO,60479,262.05,-4.10,1693197605,,16788960,262.05,262.45,30,105,,,
2023-08-28 10:10:00.766553,tf,NFO,60479,262.05,-4.10,1693197605,,16788960,262.05,262.45,30,105,,,
2023-08-28 10:10:00.799533,tf,NFO,60479,262.00,-4.12,1693197605,,,,,,,,,
2023-08-28 10:10:00.801533,tf,NFO,60479,262.00,-4.12,1693197605,,,,,,,,,
2023-08-28 10:10:01.646007,tf,NFO,60479,263.10,-3.71,1693197606,,16790220,263.05,263.50,60,75,,,
2023-08-28 10:10:01.651005,tf,NFO,60479,263.10,-3.71,1693197606,,16790220,263.05,263.50,60,75,,,
2023-08-28 10:10:02.799290,tf,NFO,60479,263.15,-3.70,1693197607,,,,,,,,,
2023-08-28 10:10:02.801290,tf,NFO,60479,263.15,-3.70,1693197607,,,,,,,,,
2023-08-28 10:10:02.845263,tf,NFO,60479,263.10,-3.71,1693197607,,16793130,263.10,263.40,,60,,,
2023-08-28 10:10:02.845263,tf,NFO,60479,263.10,-3.71,1693197607,,16793130,263.10,263.40,,60,,,
2023-08-28 10:10:03.803667,tf,NFO,60479,263.45,-3.59,1693197608,,,,,,,,,
2023-08-28 10:10:03.803667,tf,NFO,60479,263.45,-3.59,1693197608,,,,,,,,,
2023-08-28 10:10:04.045517,tf,NFO,60479,263.35,-3.62,1693197608,276.99,16795740,263.35,263.60,45,15,,,
2023-08-28 10:10:04.046517,tf,NFO,60479,263.35,-3.62,1693197608,276.99,16795740,263.35,263.60,45,15,,,
2023-08-28 10:10:04.445269,tf,NFO,60479,263.50,-3.57,1693197608,,16796265,263.10,263.50,165,90,,,
2023-08-28 10:10:04.447268,tf,NFO,60479,263.50,-3.57,1693197608,,16796265,263.10,263.50,165,90,,,
2023-08-28 10:10:04.801048,tf,NFO,60479,263.65,-3.51,1693197609,,,,,,,,,
2023-08-28 10:10:04.803048,tf,NFO,60479,263.65,-3.51,1693197609,,,,,,,,,
2023-08-28 10:10:05.448645,tf,NFO,60479,263.20,-3.68,1693197609,,16799070,263.00,263.25,180,30,,,
2023-08-28 10:10:05.450645,tf,NFO,60479,263.20,-3.68,1693197609,,16799070,263.00,263.25,180,30,,,
2023-08-28 10:10:05.800428,tf,NFO,60479,263.40,-3.60,1693197610,,,,,,,,,
2023-08-28 10:10:05.801427,tf,NFO,60479,263.40,-3.60,1693197610,,,,,,,,,
2023-08-28 10:10:06.651899,tf,NFO,60479,263.10,-3.71,1693197611,,16800360,262.75,263.10,15,60,,,
2023-08-28 10:10:06.652898,tf,NFO,60479,263.10,-3.71,1693197611,,16800360,262.75,263.10,15,60,,,
2023-08-28 10:10:06.800806,tf,NFO,60479,263.15,-3.70,1693197611,,,,,,,,,
2023-08-28 10:10:06.803804,tf,NFO,60479,263.15,-3.70,1693197611,,,,,,,,,
2023-08-28 10:10:07.804183,tf,NFO,60479,262.75,-3.84,1693197612,,,,,,,,,
2023-08-28 10:10:07.805183,tf,NFO,60479,262.75,-3.84,1693197612,,,,,,,,,
2023-08-28 10:10:08.805073,tf,NFO,60479,262.40,-3.97,1693197613,,,,,,,,,
2023-08-28 10:10:08.807073,tf,NFO,60479,262.40,-3.97,1693197613,,,,,,,,,
2023-08-28 10:10:09.805452,tf,NFO,60479,262.60,-3.90,1693197614,,,,,,,,,
2023-08-28 10:10:09.806452,tf,NFO,60479,262.60,-3.90,1693197614,,,,,,,,,
2023-08-28 10:10:10.460046,tf,NFO,60479,263.25,-3.66,1693197614,,16809795,263.10,263.35,15,30,,,
2023-08-28 10:10:10.469041,tf,NFO,60479,263.25,-3.66,1693197614,,16809795,263.10,263.35,15,30,,,
2023-08-28 10:10:10.802833,tf,NFO,60479,264.00,-3.39,1693197615,,,,,,,,,
2023-08-28 10:10:10.806832,tf,NFO,60479,264.00,-3.39,1693197615,,,,,,,,,
2023-08-28 10:10:11.463422,tf,NFO,60479,263.00,-3.75,1693197615,,16811370,262.70,262.80,,,,,
2023-08-28 10:10:11.463422,tf,NFO,60479,263.00,-3.75,1693197615,,16811370,262.70,262.80,,,,,
2023-08-28 10:10:11.807209,tf,NFO,60479,263.10,-3.71,1693197616,,,,,,,,,
2023-08-28 10:10:11.807209,tf,NFO,60479,263.10,-3.71,1693197616,,,,,,,,,
2023-08-28 10:10:12.465408,tf,NFO,60479,263.60,-3.53,1693197616,,16813335,263.15,263.55,30,60,,,
2023-08-28 10:10:12.466408,tf,NFO,60479,263.60,-3.53,1693197616,,16813335,263.15,263.55,30,60,,,
2023-08-28 10:10:13.462695,tf,NFO,60479,263.50,-3.57,1693197617,,16815975,263.45,263.85,60,,,,
2023-08-28 10:10:13.465697,tf,NFO,60479,263.50,-3.57,1693197617,,16815975,263.45,263.85,60,,,,
2023-08-28 10:10:13.807486,tf,NFO,60479,263.75,-3.48,1693197618,,,,,,,,,
2023-08-28 10:10:13.808493,tf,NFO,60479,263.75,-3.48,1693197618,,,,,,,,,
2023-08-28 10:10:14.469912,tf,NFO,60479,262.65,-3.88,1693197618,276.97,16819050,262.30,262.60,15,135,,,
2023-08-28 10:10:14.472909,tf,NFO,60479,262.65,-3.88,1693197618,276.97,16819050,262.30,262.60,15,135,,,
2023-08-28 10:10:14.805876,tf,NFO,60479,262.50,-3.93,1693197619,,,,,,,,,
2023-08-28 10:10:14.808872,tf,NFO,60479,262.50,-3.93,1693197619,,,,,,,,,
2023-08-28 10:10:15.663121,tf,NFO,60479,263.60,-3.53,1693197620,,16820730,263.60,263.80,,15,,,
2023-08-28 10:10:15.665120,tf,NFO,60479,263.60,-3.53,1693197620,,16820730,263.60,263.80,,15,,,
2023-08-28 10:10:15.809031,tf,NFO,60479,263.70,-3.49,1693197620,,,,,,,,,
2023-08-28 10:10:15.811030,tf,NFO,60479,263.70,-3.49,1693197620,,,,,,,,,
2023-08-28 10:10:16.667499,tf,NFO,60479,263.85,-3.44,1693197621,,16822965,263.45,263.85,150,30,,,
2023-08-28 10:10:16.668497,tf,NFO,60479,263.85,-3.44,1693197621,,16822965,263.45,263.85,150,30,,,
2023-08-28 10:10:16.811409,tf,NFO,60479,263.50,-3.57,1693197621,,,,,,,,,
2023-08-28 10:10:16.817404,tf,NFO,60479,263.50,-3.57,1693197621,,,,,,,,,
2023-08-28 10:10:17.673855,tf,NFO,60479,263.25,-3.66,1693197622,,16824390,262.90,263.15,15,,,,
2023-08-28 10:10:17.674854,tf,NFO,60479,263.25,-3.66,1693197622,,16824390,262.90,263.15,15,,,,
2023-08-28 10:10:17.809770,tf,NFO,60479,263.30,-3.64,1693197622,,,,,,,,,
2023-08-28 10:10:17.811771,tf,NFO,60479,263.30,-3.64,1693197622,,,,,,,,,
2023-08-28 10:10:18.675093,tf,NFO,60479,263.10,-3.71,1693197623,,16825140,262.95,263.10,90,855,,,
2023-08-28 10:10:18.676093,tf,NFO,60479,263.10,-3.71,1693197623,,16825140,262.95,263.10,90,855,,,
2023-08-28 10:10:18.810138,tf,NFO,60479,263.00,-3.75,1693197623,,,,,,,,,
2023-08-28 10:10:18.811144,tf,NFO,60479,263.00,-3.75,1693197623,,,,,,,,,
2023-08-28 10:10:19.809968,tf,NFO,60479,263.45,-3.59,1693197624,,,,,,,,,
2023-08-28 10:10:19.818963,tf,NFO,60479,263.45,-3.59,1693197624,,,,,,,,,
2023-08-28 10:10:20.809811,tf,NFO,60479,262.15,-4.06,1693197625,,,,,,,,,
2023-08-28 10:10:20.811812,tf,NFO,60479,262.15,-4.06,1693197625,,,,,,,,,
2023-08-28 10:10:20.874507,tf,NFO,60479,262.65,-3.88,1693197625,,16829520,262.25,262.70,30,300,,,
2023-08-28 10:10:20.875512,tf,NFO,60479,262.65,-3.88,1693197625,,16829520,262.25,262.70,30,300,,,
2023-08-28 10:10:21.812901,tf,NFO,60479,263.60,-3.53,1693197626,,,,,,,,,
2023-08-28 10:10:21.819896,tf,NFO,60479,263.60,-3.53,1693197626,,,,,,,,,
2023-08-28 10:10:21.881858,tf,NFO,60479,264.00,-3.39,1693197626,276.96,16831275,263.60,264.00,60,30,,,
2023-08-28 10:10:21.907842,tf,NFO,60479,264.00,-3.39,1693197626,276.96,16831275,263.60,264.00,60,30,,,
2023-08-28 10:10:22.810909,tf,NFO,60479,264.75,-3.11,1693197627,,,,,,,,,
2023-08-28 10:10:22.812906,tf,NFO,60479,264.75,-3.11,1693197627,,,,,,,,,
2023-08-28 10:10:23.080632,tf,NFO,60479,264.70,-3.13,1693197627,,16834440,264.70,264.90,225,60,,,
2023-08-28 10:10:23.081631,tf,NFO,60479,264.70,-3.13,1693197627,,16834440,264.70,264.90,225,60,,,
2023-08-28 10:10:23.477107,tf,NFO,60479,265.30,-2.91,1693197627,,16835460,264.90,265.30,75,15,,,
2023-08-28 10:10:23.481104,tf,NFO,60479,265.30,-2.91,1693197627,,16835460,264.90,265.30,75,15,,,
2023-08-28 10:10:23.811954,tf,NFO,60479,265.25,-2.93,1693197628,,,,,,,,,
2023-08-28 10:10:23.812953,tf,NFO,60479,265.25,-2.93,1693197628,,,,,,,,,
2023-08-28 10:10:24.481202,tf,NFO,60479,264.95,-3.04,1693197628,,16836510,264.95,,60,30,,,
2023-08-28 10:10:24.482204,tf,NFO,60479,264.95,-3.04,1693197628,,16836510,264.95,,60,30,,,
2023-08-28 10:10:24.812037,tf,NFO,60479,265.05,-3.00,1693197629,,,,,,,,,
2023-08-28 10:10:24.815034,tf,NFO,60479,265.05,-3.00,1693197629,,,,,,,,,
2023-08-28 10:10:25.484182,tf,NFO,60479,264.20,-3.31,1693197629,,16837935,264.15,264.55,75,60,,,
2023-08-28 10:10:25.484182,tf,NFO,60479,264.20,-3.31,1693197629,,16837935,264.15,264.55,75,60,,,
2023-08-28 10:10:25.814293,tf,NFO,60479,264.35,-3.26,1693197630,,,,,,,,,
2023-08-28 10:10:25.817295,tf,NFO,60479,264.35,-3.26,1693197630,,,,,,,,,
2023-08-28 10:10:26.481879,tf,NFO,60479,264.00,-3.39,1693197630,,16839915,263.60,264.00,135,105,,,
2023-08-28 10:10:26.485878,tf,NFO,60479,264.00,-3.39,1693197630,,16839915,263.60,264.00,135,105,,,
2023-08-28 10:10:26.811414,tf,NFO,60479,264.15,-3.33,1693197631,,,,,,,,,
2023-08-28 10:10:26.815305,tf,NFO,60479,264.15,-3.33,1693197631,,,,,,,,,
2023-08-28 10:10:27.487060,tf,NFO,60479,263.45,-3.59,1693197631,,16843170,263.25,263.65,210,90,,,
2023-08-28 10:10:27.488060,tf,NFO,60479,263.45,-3.59,1693197631,,16843170,263.25,263.65,210,90,,,
2023-08-28 10:10:27.812025,tf,NFO,60479,263.25,-3.66,1693197632,,,,,,,,,
2023-08-28 10:10:27.815023,tf,NFO,60479,263.25,-3.66,1693197632,,,,,,,,,
2023-08-28 10:10:28.484480,tf,NFO,60479,262.45,-3.95,1693197632,,16843920,262.40,262.75,30,105,,,
2023-08-28 10:10:28.487493,tf,NFO,60479,262.45,-3.95,1693197632,,16843920,262.40,262.75,30,105,,,
2023-08-28 10:10:28.813895,tf,NFO,60479,262.05,-4.10,1693197633,,,,,,,,,
2023-08-28 10:10:28.816898,tf,NFO,60479,262.05,-4.10,1693197633,,,,,,,,,
2023-08-28 10:10:29.489378,tf,NFO,60479,262.80,-3.82,1693197633,276.95,16846440,262.70,263.10,75,60,,,
2023-08-28 10:10:29.490377,tf,NFO,60479,262.80,-3.82,1693197633,276.95,16846440,262.70,263.10,75,60,,,
2023-08-28 10:10:29.812737,tf,NFO,60479,263.15,-3.70,1693197634,,,,,,,,,
2023-08-28 10:10:29.813735,tf,NFO,60479,263.15,-3.70,1693197634,,,,,,,,,
2023-08-28 10:10:30.489653,tf,NFO,60479,263.35,-3.62,1693197634,,16849305,262.85,263.30,210,75,,,
2023-08-28 10:10:30.490653,tf,NFO,60479,263.35,-3.62,1693197634,,16849305,262.85,263.30,210,75,,,
2023-08-28 10:10:30.815022,tf,NFO,60479,262.60,-3.90,1693197635,,,,,,,,,
2023-08-28 10:10:30.817023,tf,NFO,60479,262.60,-3.90,1693197635,,,,,,,,,
2023-08-28 10:10:31.488929,tf,NFO,60479,262.85,-3.81,1693197635,,16851615,,263.15,15,30,,,
2023-08-28 10:10:31.489932,tf,NFO,60479,262.85,-3.81,1693197635,,16851615,,263.15,15,30,,,
2023-08-28 10:10:31.814338,tf,NFO,60479,262.70,-3.86,1693197636,,,,,,,,,
2023-08-28 10:10:31.825336,tf,NFO,60479,262.70,-3.86,1693197636,,,,,,,,,
2023-08-28 10:10:32.491393,tf,NFO,60479,263.15,-3.70,1693197636,,16853520,263.05,263.45,60,450,,,
2023-08-28 10:10:32.494394,tf,NFO,60479,263.15,-3.70,1693197636,,16853520,263.05,263.45,60,450,,,
2023-08-28 10:10:32.815489,tf,NFO,60479,263.45,-3.59,1693197637,,,,,,,,,
2023-08-28 10:10:32.817493,tf,NFO,60479,263.45,-3.59,1693197637,,,,,,,,,
2023-08-28 10:10:33.695757,tf,NFO,60479,263.15,-3.70,1693197638,,16855515,,263.25,165,810,,,
2023-08-28 10:10:33.704753,tf,NFO,60479,263.15,-3.70,1693197638,,16855515,,263.25,165,810,,,
2023-08-28 10:10:34.694836,tf,NFO,60479,263.55,-3.55,1693197639,276.94,16856640,263.45,263.75,90,30,,,
2023-08-28 10:10:34.696839,tf,NFO,60479,263.55,-3.55,1693197639,276.94,16856640,263.45,263.75,90,30,,,
2023-08-28 10:10:35.820270,tf,NFO,60479,263.75,-3.48,1693197640,,,,,,,,,
2023-08-28 10:10:35.821268,tf,NFO,60479,263.75,-3.48,1693197640,,,,,,,,,
2023-08-28 10:10:36.697643,tf,NFO,60479,263.70,-3.49,1693197641,,16859760,263.70,264.00,,2610,,,
2023-08-28 10:10:36.699648,tf,NFO,60479,263.70,-3.49,1693197641,,16859760,263.70,264.00,,2610,,,
2023-08-28 10:10:36.818121,tf,NFO,60479,263.65,-3.51,1693197641,,,,,,,,,
2023-08-28 10:10:36.821120,tf,NFO,60479,263.65,-3.51,1693197641,,,,,,,,,
2023-08-28 10:10:37.500455,tf,NFO,60479,263.80,-3.46,1693197641,,16860300,263.75,263.95,120,60,,,
2023-08-28 10:10:37.505155,tf,NFO,60479,263.80,-3.46,1693197641,,16860300,263.75,263.95,120,60,,,
2023-08-28 10:10:38.504417,tf,NFO,60479,265.00,-3.02,1693197642,,16863495,264.55,265.00,195,870,,,
2023-08-28 10:10:38.505416,tf,NFO,60479,265.00,-3.02,1693197642,,16863495,264.55,265.00,195,870,,,
2023-08-28 10:10:38.821575,tf,NFO,60479,264.90,-3.06,1693197643,,,,,,,,,
2023-08-28 10:10:38.822580,tf,NFO,60479,264.90,-3.06,1693197643,,,,,,,,,
2023-08-28 10:10:39.505383,tf,NFO,60479,264.95,-3.04,1693197643,,16864545,264.60,264.90,60,30,,,
2023-08-28 10:10:39.507386,tf,NFO,60479,264.95,-3.04,1693197643,,16864545,264.60,264.90,60,30,,,
2023-08-28 10:10:39.821425,tf,NFO,60479,264.20,-3.31,1693197644,,,,,,,,,
2023-08-28 10:10:39.821425,tf,NFO,60479,264.20,-3.31,1693197644,,,,,,,,,
2023-08-28 10:10:40.505069,tf,NFO,60479,264.70,-3.13,1693197644,,16867500,264.70,264.95,,15,,,
2023-08-28 10:10:40.507075,tf,NFO,60479,264.70,-3.13,1693197644,,16867500,264.70,264.95,,15,,,
2023-08-28 10:10:40.823192,tf,NFO,60479,264.25,-3.29,1693197645,,,,,,,,,
2023-08-28 10:10:40.825197,tf,NFO,60479,264.25,-3.29,1693197645,,,,,,,,,
2023-08-28 10:10:41.510502,tf,NFO,60479,264.40,-3.24,1693197645,,16868970,263.95,264.35,30,75,,,
2023-08-28 10:10:41.511502,tf,NFO,60479,264.40,-3.24,1693197645,,16868970,263.95,264.35,30,75,,,
2023-08-28 10:10:41.823309,tf,NFO,60479,264.25,-3.29,1693197646,,,,,,,,,
2023-08-28 10:10:41.824307,tf,NFO,60479,264.25,-3.29,1693197646,,,,,,,,,
2023-08-28 10:10:42.712195,tf,NFO,60479,264.55,-3.18,1693197647,276.93,16871355,264.50,264.85,180,15,,,
2023-08-28 10:10:42.714195,tf,NFO,60479,264.55,-3.18,1693197647,276.93,16871355,264.50,264.85,180,15,,,
2023-08-28 10:10:43.713906,tf,NFO,60479,264.85,-3.07,1693197648,,16871715,264.60,264.75,60,90,,,
2023-08-28 10:10:43.713906,tf,NFO,60479,264.85,-3.07,1693197648,,16871715,264.60,264.75,60,90,,,
2023-08-28 10:10:43.827833,tf,NFO,60479,264.75,-3.11,1693197648,,,,,,,,,
2023-08-28 10:10:43.833829,tf,NFO,60479,264.75,-3.11,1693197648,,,,,,,,,
2023-08-28 10:10:44.715929,tf,NFO,60479,264.10,-3.35,1693197649,,16874145,263.60,264.05,105,105,,,
2023-08-28 10:10:44.716929,tf,NFO,60479,264.10,-3.35,1693197649,,16874145,263.60,264.05,105,105,,,
2023-08-28 10:10:45.515025,tf,NFO,60479,263.60,-3.53,1693197649,,16874745,263.25,263.60,75,585,,,
2023-08-28 10:10:45.517025,tf,NFO,60479,263.60,-3.53,1693197649,,16874745,263.25,263.60,75,585,,,
2023-08-28 10:10:45.829144,tf,NFO,60479,263.45,-3.59,1693197650,,,,,,,,,
2023-08-28 10:10:45.829144,tf,NFO,60479,263.45,-3.59,1693197650,,,,,,,,,
2023-08-28 10:10:46.719040,tf,NFO,60479,264.10,-3.35,1693197651,,16876260,263.50,264.05,210,375,,,
2023-08-28 10:10:46.721041,tf,NFO,60479,264.10,-3.35,1693197651,,16876260,263.50,264.05,210,375,,,
2023-08-28 10:10:46.828275,tf,NFO,60479,263.95,-3.40,1693197651,,,,,,,,,
2023-08-28 10:10:46.829281,tf,NFO,60479,263.95,-3.40,1693197651,,,,,,,,,
2023-08-28 10:10:47.828918,tf,NFO,60479,263.10,-3.71,1693197652,,,,,,,,,
2023-08-28 10:10:47.831917,tf,NFO,60479,263.10,-3.71,1693197652,,,,,,,,,
2023-08-28 10:10:48.518267,tf,NFO,60479,263.65,-3.51,1693197652,,16880175,263.15,263.60,135,45,,,
2023-08-28 10:10:48.521266,tf,NFO,60479,263.65,-3.51,1693197652,,16880175,263.15,263.60,135,45,,,
2023-08-28 10:10:48.829490,tf,NFO,60479,264.00,-3.39,1693197653,,,,,,,,,
2023-08-28 10:10:48.830493,tf,NFO,60479,264.00,-3.39,1693197653,,,,,,,,,
2023-08-28 10:10:49.521873,tf,NFO,60479,263.00,-3.75,1693197653,,16881585,263.00,263.15,1305,75,,,
2023-08-28 10:10:49.522886,tf,NFO,60479,263.00,-3.75,1693197653,,16881585,263.00,263.15,1305,75,,,
2023-08-28 10:10:50.724064,tf,NFO,60479,262.70,-3.86,1693197655,276.92,16883685,262.90,,60,15,,,
2023-08-28 10:10:50.725062,tf,NFO,60479,262.70,-3.86,1693197655,276.92,16883685,262.90,,60,15,,,
2023-08-28 10:10:50.832089,tf,NFO,60479,263.20,-3.68,1693197655,,,,,,,,,
2023-08-28 10:10:50.833096,tf,NFO,60479,263.20,-3.68,1693197655,,,,,,,,,
2023-08-28 10:10:51.723308,tf,NFO,60479,264.20,-3.31,1693197656,,16886130,263.80,264.20,,60,,,
2023-08-28 10:10:51.744296,tf,NFO,60479,264.20,-3.31,1693197656,,16886130,263.80,264.20,,60,,,
2023-08-28 10:10:52.834913,tf,NFO,60479,264.05,-3.37,1693197657,,,,,,,,,
2023-08-28 10:10:52.835919,tf,NFO,60479,264.05,-3.37,1693197657,,,,,,,,,
2023-08-28 10:10:53.927158,tf,NFO,60479,264.40,-3.24,1693197658,,16888110,264.00,264.40,15,135,,,
2023-08-28 10:10:53.928162,tf,NFO,60479,264.40,-3.24,1693197658,,16888110,264.00,264.40,15,135,,,
2023-08-28 10:10:54.834931,tf,NFO,60479,264.20,-3.31,1693197659,,,,,,,,,
2023-08-28 10:10:54.835933,tf,NFO,60479,264.20,-3.31,1693197659,,,,,,,,,
2023-08-28 10:10:54.929153,tf,NFO,60479,264.15,-3.33,1693197659,,16888785,264.10,,180,60,,,
2023-08-28 10:10:54.930157,tf,NFO,60479,264.15,-3.33,1693197659,,16888785,264.10,,180,60,,,
2023-08-28 10:10:55.835383,tf,NFO,60479,263.00,-3.75,1693197660,,,,,,,,,
2023-08-28 10:10:55.835383,tf,NFO,60479,263.00,-3.75,1693197660,,,,,,,,,
2023-08-28 10:10:55.928326,tf,NFO,60479,263.35,-3.62,1693197660,,16890915,263.00,263.35,1140,30,,,
2023-08-28 10:10:55.931324,tf,NFO,60479,263.35,-3.62,1693197660,,16890915,263.00,263.35,1140,30,,,
2023-08-28 10:10:56.533368,tf,NFO,60479,263.45,-3.59,1693197660,,16892415,263.05,263.40,60,15,,,
2023-08-28 10:10:56.534368,tf,NFO,60479,263.45,-3.59,1693197660,,16892415,263.05,263.40,60,15,,,
2023-08-28 10:10:56.835795,tf,NFO,60479,263.40,-3.60,1693197661,,,,,,,,,
2023-08-28 10:10:56.845759,tf,NFO,60479,263.40,-3.60,1693197661,,,,,,,,,
2023-08-28 10:10:57.729598,tf,NFO,60479,263.50,-3.57,1693197662,,16893825,263.50,263.70,4215,,,,
2023-08-28 10:10:57.735594,tf,NFO,60479,263.50,-3.57,1693197662,,16893825,263.50,263.70,4215,,,,
2023-08-28 10:10:57.838532,tf,NFO,60479,263.95,-3.40,1693197662,,,,,,,,,
2023-08-28 10:10:57.842529,tf,NFO,60479,263.95,-3.40,1693197662,,,,,,,,,
2023-08-28 10:10:58.837619,tf,NFO,60479,264.25,-3.29,1693197663,,,,,,,,,
2023-08-28 10:10:58.838624,tf,NFO,60479,264.25,-3.29,1693197663,,,,,,,,,
2023-08-28 10:10:58.933324,tf,NFO,60479,264.45,-3.22,1693197663,276.91,16899555,264.20,264.50,90,,,,
2023-08-28 10:10:58.934323,tf,NFO,60479,264.45,-3.22,1693197663,276.91,16899555,264.20,264.50,90,,,,
2023-08-28 10:10:59.836757,tf,NFO,60479,264.25,-3.29,1693197664,,,,,,,,,
2023-08-28 10:10:59.838757,tf,NFO,60479,264.25,-3.29,1693197664,,,,,,,,,
2023-08-28 10:11:00.839104,tf,NFO,60479,264.45,-3.22,1693197665,,,,,,,,,
2023-08-28 10:11:00.840103,tf,NFO,60479,264.45,-3.22,1693197665,,,,,,,,,
2023-08-28 10:11:00.934558,tf,NFO,60479,264.35,-3.26,1693197665,,16902900,264.35,264.50,30,15,,,
2023-08-28 10:11:00.936557,tf,NFO,60479,264.35,-3.26,1693197665,,16902900,264.35,264.50,30,15,,,
2023-08-28 10:11:01.840710,tf,NFO,60479,263.95,-3.40,1693197666,,,,,,,,,
2023-08-28 10:11:01.841710,tf,NFO,60479,263.95,-3.40,1693197666,,,,,,,,,
2023-08-28 10:11:01.938650,tf,NFO,60479,264.50,-3.20,1693197666,,16903275,264.10,,,120,,,
2023-08-28 10:11:01.939649,tf,NFO,60479,264.50,-3.20,1693197666,,16903275,264.10,,,120,,,
2023-08-28 10:11:02.842230,tf,NFO,60479,264.05,-3.37,1693197667,,,,,,,,,
2023-08-28 10:11:02.843229,tf,NFO,60479,264.05,-3.37,1693197667,,,,,,,,,
2023-08-28 10:11:03.538885,tf,NFO,60479,264.10,-3.35,1693197667,,16906260,263.80,263.85,60,60,,,
2023-08-28 10:11:03.540885,tf,NFO,60479,264.10,-3.35,1693197667,,16906260,263.80,263.85,60,60,,,
2023-08-28 10:11:03.840699,tf,NFO,60479,264.70,-3.13,1693197668,,,,,,,,,
2023-08-28 10:11:03.842697,tf,NFO,60479,264.70,-3.13,1693197668,,,,,,,,,
2023-08-28 10:11:04.542383,tf,NFO,60479,265.00,-3.02,1693197668,,16907355,264.85,265.00,,1485,,,
2023-08-28 10:11:04.546627,tf,NFO,60479,265.00,-3.02,1693197668,,16907355,264.85,265.00,,1485,,,
2023-08-28 10:11:04.842234,tf,NFO,60479,264.85,-3.07,1693197669,,,,,,,,,
2023-08-28 10:11:04.843239,tf,NFO,60479,264.85,-3.07,1693197669,,,,,,,,,
2023-08-28 10:11:05.744069,tf,NFO,60479,264.35,-3.26,1693197670,,16907400,264.45,264.80,75,45,,,
2023-08-28 10:11:05.744069,tf,NFO,60479,264.35,-3.26,1693197670,,16907400,264.45,264.80,75,45,,,
2023-08-28 10:11:05.841009,tf,NFO,60479,264.65,-3.15,1693197670,,,,,,,,,
2023-08-28 10:11:05.849002,tf,NFO,60479,264.65,-3.15,1693197670,,,,,,,,,
2023-08-28 10:11:06.749917,tf,NFO,60479,264.95,-3.04,1693197671,276.90,16908405,264.55,,105,75,,,
2023-08-28 10:11:06.751920,tf,NFO,60479,264.95,-3.04,1693197671,276.90,16908405,264.55,,105,75,,,
2023-08-28 10:11:07.844998,tf,NFO,60479,264.45,-3.22,1693197672,,,,,,,,,
2023-08-28 10:11:07.845998,tf,NFO,60479,264.45,-3.22,1693197672,,,,,,,,,
2023-08-28 10:11:07.949934,tf,NFO,60479,264.40,-3.24,1693197672,,16909950,264.10,264.40,60,30,,,
2023-08-28 10:11:07.950933,tf,NFO,60479,264.40,-3.24,1693197672,,16909950,264.10,264.40,60,30,,,
2023-08-28 10:11:08.547214,tf,NFO,60479,264.30,-3.28,1693197672,,16910250,263.90,264.30,105,15,,,
2023-08-28 10:11:08.550209,tf,NFO,60479,264.30,-3.28,1693197672,,16910250,263.90,264.30,105,15,,,
2023-08-28 10:11:08.843203,tf,NFO,60479,264.20,-3.31,1693197673,,,,,,,,,
2023-08-28 10:11:08.844209,tf,NFO,60479,264.20,-3.31,1693197673,,,,,,,,,
2023-08-28 10:11:09.550994,tf,NFO,60479,263.75,-3.48,1693197673,,16910895,263.65,264.10,60,75,,,
2023-08-28 10:11:09.551994,tf,NFO,60479,263.75,-3.48,1693197673,,16910895,263.65,264.10,60,75,,,
2023-08-28 10:11:09.843014,tf,NFO,60479,264.20,-3.31,1693197674,,,,,,,,,
2023-08-28 10:11:09.846014,tf,NFO,60479,264.20,-3.31,1693197674,,,,,,,,,
2023-08-28 10:11:10.552378,tf,NFO,60479,264.10,-3.35,1693197674,,16911660,,264.00,,,,,
2023-08-28 10:11:10.553384,tf,NFO,60479,264.10,-3.35,1693197674,,16911660,,264.00,,,,,
2023-08-28 10:11:11.553412,tf,NFO,60479,265.00,-3.02,1693197675,,16914000,264.95,265.30,15,60,,,
2023-08-28 10:11:11.557274,tf,NFO,60479,265.00,-3.02,1693197675,,16914000,264.95,265.30,15,60,,,
2023-08-28 10:11:11.844621,tf,NFO,60479,264.90,-3.06,1693197676,,,,,,,,,
2023-08-28 10:11:11.846621,tf,NFO,60479,264.90,-3.06,1693197676,,,,,,,,,
2023-08-28 10:11:12.555579,tf,NFO,60479,264.15,-3.33,1693197676,,16914315,263.90,264.15,120,45,,,
2023-08-28 10:11:12.557578,tf,NFO,60479,264.15,-3.33,1693197676,,16914315,263.90,264.15,120,45,,,
2023-08-28 10:11:12.847368,tf,NFO,60479,264.45,-3.22,1693197677,,,,,,,,,
2023-08-28 10:11:12.848372,tf,NFO,60479,264.45,-3.22,1693197677,,,,,,,,,
2023-08-28 10:11:13.555307,tf,NFO,60479,265.70,-2.76,1693197677,,16917900,265.10,265.55,345,90,,,
2023-08-28 10:11:13.557306,tf,NFO,60479,265.70,-2.76,1693197677,,16917900,265.10,265.55,345,90,,,
2023-08-28 10:11:13.845835,tf,NFO,60479,265.50,-2.84,1693197678,,,,,,,,,
2023-08-28 10:11:13.846835,tf,NFO,60479,265.50,-2.84,1693197678,,,,,,,,,
2023-08-28 10:11:14.557380,tf,NFO,60479,264.75,-3.11,1693197678,,16918215,264.35,264.75,150,45,,,
2023-08-28 10:11:14.558383,tf,NFO,60479,264.75,-3.11,1693197678,,16918215,264.35,264.75,150,45,,,
2023-08-28 10:11:14.845171,tf,NFO,60479,264.40,-3.24,1693197679,,,,,,,,,
2023-08-28 10:11:14.847904,tf,NFO,60479,264.40,-3.24,1693197679,,,,,,,,,
2023-08-28 10:11:15.558302,tf,NFO,60479,265.00,-3.02,1693197679,,16919415,264.45,264.80,60,75,,,
2023-08-28 10:11:15.559302,tf,NFO,60479,265.00,-3.02,1693197679,,16919415,264.45,264.80,60,75,,,
2023-08-28 10:11:15.848636,tf,NFO,60479,264.80,-3.09,1693197680,,,,,,,,,
2023-08-28 10:11:15.848636,tf,NFO,60479,264.80,-3.09,1693197680,,,,,,,,,
2023-08-28 10:11:16.560419,tf,NFO,60479,264.60,-3.17,1693197680,,16919865,264.25,264.70,105,90,,,
2023-08-28 10:11:16.562415,tf,NFO,60479,264.60,-3.17,1693197680,,16919865,264.25,264.70,105,90,,,
2023-08-28 10:11:17.564109,tf,NFO,60479,264.50,-3.20,1693197681,,16921005,264.10,264.50,30,225,,,
2023-08-28 10:11:17.565109,tf,NFO,60479,264.50,-3.20,1693197681,,16921005,264.10,264.50,30,225,,,
2023-08-28 10:11:17.854476,tf,NFO,60479,264.20,-3.31,1693197682,,,,,,,,,
2023-08-28 10:11:17.855473,tf,NFO,60479,264.20,-3.31,1693197682,,,,,,,,,
2023-08-28 10:11:18.566004,tf,NFO,60479,264.60,-3.17,1693197682,276.89,16922100,,264.55,105,180,,,
2023-08-28 10:11:18.568002,tf,NFO,60479,264.60,-3.17,1693197682,276.89,16922100,,264.55,105,180,,,
2023-08-28 10:11:18.848817,tf,NFO,60479,264.25,-3.29,1693197683,,,,,,,,,
2023-08-28 10:11:18.849822,tf,NFO,60479,264.25,-3.29,1693197683,,,,,,,,,
2023-08-28 10:11:19.566456,tf,NFO,60479,264.30,-3.28,1693197683,,16922625,264.15,264.60,90,60,,,
2023-08-28 10:11:19.567455,tf,NFO,60479,264.30,-3.28,1693197683,,16922625,264.15,264.60,90,60,,,
2023-08-28 10:11:19.849132,tf,NFO,60479,264.35,-3.26,1693197684,,,,,,,,,
2023-08-28 10:11:19.856131,tf,NFO,60479,264.35,-3.26,1693197684,,,,,,,,,
2023-08-28 10:11:20.571752,tf,NFO,60479,264.65,-3.15,1693197684,,16923060,264.00,264.40,15,105,,,
2023-08-28 10:11:20.572751,tf,NFO,60479,264.65,-3.15,1693197684,,16923060,264.00,264.40,15,105,,,
2023-08-28 10:11:20.850067,tf,NFO,60479,264.80,-3.09,1693197685,,,,,,,,,
2023-08-28 10:11:20.852062,tf,NFO,60479,264.80,-3.09,1693197685,,,,,,,,,
2023-08-28 10:11:21.569873,tf,NFO,60479,265.40,-2.87,1693197685,,16924320,264.80,265.40,60,510,,,
2023-08-28 10:11:21.573871,tf,NFO,60479,265.40,-2.87,1693197685,,16924320,264.80,265.40,60,510,,,
2023-08-28 10:11:22.572659,tf,NFO,60479,264.85,-3.07,1693197686,,16924935,264.85,265.25,135,15,,,
2023-08-28 10:11:22.574662,tf,NFO,60479,264.85,-3.07,1693197686,,16924935,264.85,265.25,135,15,,,
2023-08-28 10:11:22.849970,tf,NFO,60479,264.90,-3.06,1693197687,,,,,,,,,
2023-08-28 10:11:22.850979,tf,NFO,60479,264.90,-3.06,1693197687,,,,,,,,,
2023-08-28 10:11:23.574618,tf,NFO,60479,265.10,-2.98,1693197687,,16925250,264.75,265.15,60,60,,,
2023-08-28 10:11:23.575617,tf,NFO,60479,265.10,-2.98,1693197687,,16925250,264.75,265.15,60,60,,,
2023-08-28 10:11:23.850425,tf,NFO,60479,264.75,-3.11,1693197688,,,,,,,,,
2023-08-28 10:11:23.852425,tf,NFO,60479,264.75,-3.11,1693197688,,,,,,,,,
2023-08-28 10:11:24.774843,tf,NFO,60479,265.10,-2.98,1693197689,,16925595,264.70,265.10,45,120,,,
2023-08-28 10:11:24.775841,tf,NFO,60479,265.10,-2.98,1693197689,,16925595,264.70,265.10,45,120,,,
2023-08-28 10:11:25.572889,tf,NFO,60479,265.25,-2.93,1693197689,,16928910,265.00,265.20,15,30,,,
2023-08-28 10:11:25.573891,tf,NFO,60479,265.25,-2.93,1693197689,,16928910,265.00,265.20,15,30,,,
2023-08-28 10:11:25.850967,tf,NFO,60479,265.20,-2.95,1693197690,,,,,,,,,
2023-08-28 10:11:25.852966,tf,NFO,60479,265.20,-2.95,1693197690,,,,,,,,,
2023-08-28 10:11:26.572444,tf,NFO,60479,264.20,-3.31,1693197690,,16930455,264.20,264.70,45,135,,,
2023-08-28 10:11:26.573448,tf,NFO,60479,264.20,-3.31,1693197690,,16930455,264.20,264.70,45,135,,,
2023-08-28 10:11:26.852547,tf,NFO,60479,263.95,-3.40,1693197691,,,,,,,,,
2023-08-28 10:11:26.854543,tf,NFO,60479,263.95,-3.40,1693197691,,,,,,,,,
2023-08-28 10:11:27.850390,tf,NFO,60479,264.15,-3.33,1693197692,,,,,,,,,
2023-08-28 10:11:27.853389,tf,NFO,60479,264.15,-3.33,1693197692,,,,,,,,,
2023-08-28 10:11:29.588792,tf,NFO,60479,264.10,-3.35,1693197694,,16935405,263.70,264.05,15,135,,,
2023-08-28 10:11:29.589788,tf,NFO,60479,264.10,-3.35,1693197694,,16935405,263.70,264.05,15,135,,,
2023-08-28 10:11:30.785197,tf,NFO,60479,263.95,-3.40,1693197695,276.88,16936095,263.55,263.95,30,75,,,
2023-08-28 10:11:30.786196,tf,NFO,60479,263.95,-3.40,1693197695,276.88,16936095,263.55,263.95,30,75,,,
2023-08-28 10:11:31.854765,tf,NFO,60479,263.80,-3.46,1693197696,,,,,,,2565510,,
2023-08-28 10:11:31.855763,tf,NFO,60479,263.80,-3.46,1693197696,,,,,,,2565510,,
2023-08-28 10:11:31.985245,tf,NFO,60479,263.90,-3.42,1693197696,,16937685,263.45,263.85,150,15,,,
2023-08-28 10:11:31.988243,tf,NFO,60479,263.90,-3.42,1693197696,,16937685,263.45,263.85,150,15,,,
2023-08-28 10:11:32.588249,tf,NFO,60479,264.40,-3.24,1693197697,,16939395,264.10,264.40,15,45,,,
2023-08-28 10:11:32.590248,tf,NFO,60479,264.40,-3.24,1693197697,,16939395,264.10,264.40,15,45,,,
2023-08-28 10:11:32.853522,tf,NFO,60479,263.85,-3.44,1693197697,,,,,,,,,
2023-08-28 10:11:32.856527,tf,NFO,60479,263.85,-3.44,1693197697,,,,,,,,,
2023-08-28 10:11:33.786672,tf,NFO,60479,263.90,-3.42,1693197698,,16940340,263.55,263.95,,120,,,
2023-08-28 10:11:33.808659,tf,NFO,60479,263.90,-3.42,1693197698,,16940340,263.55,263.95,,120,,,
2023-08-28 10:11:33.852632,tf,NFO,60479,264.05,-3.37,1693197698,,,,,,,,,
2023-08-28 10:11:33.854630,tf,NFO,60479,264.05,-3.37,1693197698,,,,,,,,,
2023-08-28 10:11:34.790577,tf,NFO,60479,263.90,-3.42,1693197699,,16940760,263.80,263.90,60,45,,,
2023-08-28 10:11:34.791575,tf,NFO,60479,263.90,-3.42,1693197699,,16940760,263.80,263.90,60,45,,,
2023-08-28 10:11:35.855285,tf,NFO,60479,263.30,-3.64,1693197700,,,,,,,,,
2023-08-28 10:11:35.857284,tf,NFO,60479,263.30,-3.64,1693197700,,,,,,,,,
2023-08-28 10:11:36.187079,tf,NFO,60479,263.00,-3.75,1693197700,,16945170,263.05,263.35,135,15,,,
2023-08-28 10:11:36.188078,tf,NFO,60479,263.00,-3.75,1693197700,,16945170,263.05,263.35,135,15,,,
2023-08-28 10:11:36.589794,tf,NFO,60479,263.50,-3.57,1693197701,,16945605,263.00,,30,45,,,
2023-08-28 10:11:36.591793,tf,NFO,60479,263.50,-3.57,1693197701,,16945605,263.00,,30,45,,,
2023-08-28 10:11:37.590442,tf,NFO,60479,262.80,-3.82,1693197702,,16946745,262.60,262.85,75,60,,,
2023-08-28 10:11:37.591441,tf,NFO,60479,262.80,-3.82,1693197702,,16946745,262.60,262.85,75,60,,,
2023-08-28 10:11:37.860387,tf,NFO,60479,262.60,-3.90,1693197702,,,,,,,,,
2023-08-28 10:11:37.879373,tf,NFO,60479,262.60,-3.90,1693197702,,,,,,,,,
2023-08-28 10:11:38.595264,tf,NFO,60479,263.40,-3.60,1693197703,276.87,16948380,262.85,263.30,,75,,,
2023-08-28 10:11:38.597263,tf,NFO,60479,263.40,-3.60,1693197703,276.87,16948380,262.85,263.30,,75,,,
2023-08-28 10:11:38.855523,tf,NFO,60479,262.85,-3.81,1693197703,,,,,,,,,
2023-08-28 10:11:38.856519,tf,NFO,60479,262.85,-3.81,1693197703,,,,,,,,,
2023-08-28 10:11:39.591882,tf,NFO,60479,264.00,-3.39,1693197704,,16949220,263.70,264.00,60,525,,,
2023-08-28 10:11:39.593877,tf,NFO,60479,264.00,-3.39,1693197704,,16949220,263.70,264.00,60,525,,,
2023-08-28 10:11:40.592885,tf,NFO,60479,265.00,-3.02,1693197705,,16951515,264.40,264.90,135,75,,,
2023-08-28 10:11:40.594883,tf,NFO,60479,265.00,-3.02,1693197705,,16951515,264.40,264.90,135,75,,,
2023-08-28 10:11:40.857262,tf,NFO,60479,264.95,-3.04,1693197705,,,,,,,,,
2023-08-28 10:11:40.858262,tf,NFO,60479,264.95,-3.04,1693197705,,,,,,,,,
2023-08-28 10:11:41.597920,tf,NFO,60479,264.65,-3.15,1693197706,,16953030,264.55,264.95,60,90,,,
2023-08-28 10:11:41.598919,tf,NFO,60479,264.65,-3.15,1693197706,,16953030,264.55,264.95,60,90,,,
2023-08-28 10:11:41.856809,tf,NFO,60479,264.80,-3.09,1693197706,,,,,,,,,
2023-08-28 10:11:41.857810,tf,NFO,60479,264.80,-3.09,1693197706,,,,,,,,,
2023-08-28 10:11:42.599313,tf,NFO,60479,264.75,-3.11,1693197707,,16954440,264.65,265.00,,825,,,
2023-08-28 10:11:42.600312,tf,NFO,60479,264.75,-3.11,1693197707,,16954440,264.65,265.00,,825,,,
2023-08-28 10:11:42.858301,tf,NFO,60479,265.15,-2.96,1693197707,,,,,,,,,
2023-08-28 10:11:42.859308,tf,NFO,60479,265.15,-2.96,1693197707,,,,,,,,,
2023-08-28 10:11:43.599915,tf,NFO,60479,265.85,-2.71,1693197708,,16955640,265.45,265.85,15,60,,,
2023-08-28 10:11:43.600914,tf,NFO,60479,265.85,-2.71,1693197708,,16955640,265.45,265.85,15,60,,,
2023-08-28 10:11:43.858139,tf,NFO,60479,265.90,-2.69,1693197708,,,,,,,,,
2023-08-28 10:11:43.861137,tf,NFO,60479,265.90,-2.69,1693197708,,,,,,,,,
2023-08-28 10:11:44.600875,tf,NFO,60479,265.10,-2.98,1693197709,,16955835,265.00,265.10,165,15,,,
2023-08-28 10:11:44.602874,tf,NFO,60479,265.10,-2.98,1693197709,,16955835,265.00,265.10,165,15,,,
2023-08-28 10:11:44.859458,tf,NFO,60479,265.00,-3.02,1693197709,,,,,,,,,
2023-08-28 10:11:44.860457,tf,NFO,60479,265.00,-3.02,1693197709,,,,,,,,,
2023-08-28 10:11:45.602643,tf,NFO,60479,264.75,-3.11,1693197710,,16956540,264.75,264.85,60,45,,,
2023-08-28 10:11:45.603645,tf,NFO,60479,264.75,-3.11,1693197710,,16956540,264.75,264.85,60,45,,,
2023-08-28 10:11:46.603180,tf,NFO,60479,264.80,-3.09,1693197711,,16957260,264.25,264.65,75,30,,,
2023-08-28 10:11:46.604178,tf,NFO,60479,264.80,-3.09,1693197711,,16957260,264.25,264.65,75,30,,,
2023-08-28 10:11:46.860740,tf,NFO,60479,264.65,-3.15,1693197711,,,,,,,,,
2023-08-28 10:11:46.861738,tf,NFO,60479,264.65,-3.15,1693197711,,,,,,,,,
2023-08-28 10:11:47.604223,tf,NFO,60479,264.35,-3.26,1693197712,,16958460,264.00,264.35,60,195,,,
2023-08-28 10:11:47.608220,tf,NFO,60479,264.35,-3.26,1693197712,,16958460,264.00,264.35,60,195,,,
2023-08-28 10:11:47.860312,tf,NFO,60479,263.90,-3.42,1693197712,,,,,,,,,
2023-08-28 10:11:47.861309,tf,NFO,60479,263.90,-3.42,1693197712,,,,,,,,,
2023-08-28 10:11:48.804925,tf,NFO,60479,264.55,-3.18,1693197713,,16960020,264.45,264.95,255,120,,,
2023-08-28 10:11:48.807917,tf,NFO,60479,264.55,-3.18,1693197713,,16960020,264.45,264.95,255,120,,,
2023-08-28 10:11:49.612841,tf,NFO,60479,264.00,-3.39,1693197714,,16961400,264.15,264.50,60,30,,,
2023-08-28 10:11:49.613840,tf,NFO,60479,264.00,-3.39,1693197714,,16961400,264.15,264.50,60,30,,,
2023-08-28 10:11:49.861312,tf,NFO,60479,264.50,-3.20,1693197714,,,,,,,,,
2023-08-28 10:11:49.869305,tf,NFO,60479,264.50,-3.20,1693197714,,,,,,,,,
2023-08-28 10:11:50.613075,tf,NFO,60479,264.05,-3.37,1693197715,276.86,16962315,264.05,264.45,45,90,,,
2023-08-28 10:11:50.614073,tf,NFO,60479,264.05,-3.37,1693197715,276.86,16962315,264.05,264.45,45,90,,,
2023-08-28 10:11:51.813595,tf,NFO,60479,264.50,-3.20,1693197716,,16962945,264.25,264.50,75,30,,,
2023-08-28 10:11:51.814595,tf,NFO,60479,264.50,-3.20,1693197716,,16962945,264.25,264.50,75,30,,,
2023-08-28 10:11:52.863368,tf,NFO,60479,264.65,-3.15,1693197717,,,,,,,,,
2023-08-28 10:11:52.864370,tf,NFO,60479,264.65,-3.15,1693197717,,,,,,,,,
2023-08-28 10:11:53.613491,tf,NFO,60479,264.75,-3.11,1693197718,,16964790,264.25,264.60,135,60,,,
2023-08-28 10:11:53.614498,tf,NFO,60479,264.75,-3.11,1693197718,,16964790,264.25,264.60,135,60,,,
2023-08-28 10:11:53.862897,tf,NFO,60479,264.45,-3.22,1693197718,,,,,,,,,
2023-08-28 10:11:53.863896,tf,NFO,60479,264.45,-3.22,1693197718,,,,,,,,,
2023-08-28 10:11:54.617089,tf,NFO,60479,265.00,-3.02,1693197719,,16966035,264.35,264.55,75,45,,,
2023-08-28 10:11:54.618093,tf,NFO,60479,265.00,-3.02,1693197719,,16966035,264.35,264.55,75,45,,,
2023-08-28 10:11:54.863001,tf,NFO,60479,264.45,-3.22,1693197719,,,,,,,,,
2023-08-28 10:11:54.864010,tf,NFO,60479,264.45,-3.22,1693197719,,,,,,,,,
2023-08-28 10:11:55.615870,tf,NFO,60479,264.35,-3.26,1693197720,,16966455,264.10,264.35,60,105,,,
2023-08-28 10:11:55.617874,tf,NFO,60479,264.35,-3.26,1693197720,,16966455,264.10,264.35,60,105,,,
2023-08-28 10:11:55.865304,tf,NFO,60479,265.30,-2.91,1693197720,,,,,,,,,
2023-08-28 10:11:55.866304,tf,NFO,60479,265.30,-2.91,1693197720,,,,,,,,,
2023-08-28 10:11:56.818382,tf,NFO,60479,265.00,-3.02,1693197721,,16967670,264.85,265.10,165,90,,,
2023-08-28 10:11:56.819380,tf,NFO,60479,265.00,-3.02,1693197721,,16967670,264.85,265.10,165,90,,,
2023-08-28 10:11:56.865126,tf,NFO,60479,264.85,-3.07,1693197721,,,,,,,,,
2023-08-28 10:11:56.867126,tf,NFO,60479,264.85,-3.07,1693197721,,,,,,,,,
2023-08-28 10:11:57.625224,tf,NFO,60479,264.50,-3.20,1693197722,,16968480,264.35,264.60,15,60,,,
2023-08-28 10:11:57.626224,tf,NFO,60479,264.50,-3.20,1693197722,,16968480,264.35,264.60,15,60,,,
2023-08-28 10:11:57.864098,tf,NFO,60479,264.30,-3.28,1693197722,,,,,,,,,
2023-08-28 10:11:57.866096,tf,NFO,60479,264.30,-3.28,1693197722,,,,,,,,,
2023-08-28 10:11:58.864932,tf,NFO,60479,264.80,-3.09,1693197723,,,,,,,,,
2023-08-28 10:11:58.867938,tf,NFO,60479,264.80,-3.09,1693197723,,,,,,,,,
2023-08-28 10:11:59.024959,tf,NFO,60479,264.70,-3.13,1693197723,,16968810,264.80,264.90,150,45,,,
2023-08-28 10:11:59.025958,tf,NFO,60479,264.70,-3.13,1693197723,,16968810,264.80,264.90,150,45,,,
2023-08-28 10:11:59.824926,tf,NFO,60479,264.80,-3.09,1693197724,,16969620,,264.85,30,30,,,
2023-08-28 10:11:59.828927,tf,NFO,60479,264.80,-3.09,1693197724,,16969620,,264.85,30,30,,,
2023-08-28 10:12:00.826617,tf,NFO,60479,264.55,-3.18,1693197725,,16971015,264.65,264.90,45,60,,,
2023-08-28 10:12:00.828616,tf,NFO,60479,264.55,-3.18,1693197725,,16971015,264.65,264.90,45,60,,,
2023-08-28 10:12:01.867974,tf,NFO,60479,264.65,-3.15,1693197726,,,,,,,,,
2023-08-28 10:12:01.868974,tf,NFO,60479,264.65,-3.15,1693197726,,,,,,,,,
2023-08-28 10:12:02.025875,tf,NFO,60479,264.90,-3.06,1693197726,,16971165,264.60,,15,180,,,
2023-08-28 10:12:02.028874,tf,NFO,60479,264.90,-3.06,1693197726,,16971165,264.60,,15,180,,,
2023-08-28 10:12:02.630500,tf,NFO,60479,264.85,-3.07,1693197727,,16972665,264.80,264.85,,45,,,
2023-08-28 10:12:02.631502,tf,NFO,60479,264.85,-3.07,1693197727,,16972665,264.80,264.85,,45,,,
2023-08-28 10:12:02.866353,tf,NFO,60479,265.05,-3.00,1693197727,,,,,,,,,
2023-08-28 10:12:02.867353,tf,NFO,60479,265.05,-3.00,1693197727,,,,,,,,,
2023-08-28 10:12:03.628888,tf,NFO,60479,265.85,-2.71,1693197728,,16974945,265.90,265.95,75,60,,,
2023-08-28 10:12:03.629886,tf,NFO,60479,265.85,-2.71,1693197728,,16974945,265.90,265.95,75,60,,,
2023-08-28 10:12:03.865739,tf,NFO,60479,265.95,-2.67,1693197728,,,,,,,,,
2023-08-28 10:12:03.867741,tf,NFO,60479,265.95,-2.67,1693197728,,,,,,,,,
2023-08-28 10:12:04.828148,tf,NFO,60479,266.10,-2.62,1693197729,276.85,16979310,266.00,266.35,,75,,,
2023-08-28 10:12:04.829148,tf,NFO,60479,266.10,-2.62,1693197729,276.85,16979310,266.00,266.35,,75,,,
2023-08-28 10:12:05.834531,tf,NFO,60479,266.05,-2.63,1693197730,,16979535,266.05,266.40,30,675,,,
2023-08-28 10:12:05.852522,tf,NFO,60479,266.05,-2.63,1693197730,,16979535,266.05,266.40,30,675,,,
2023-08-28 10:12:06.867889,tf,NFO,60479,266.10,-2.62,1693197731,,,,,,,,,
2023-08-28 10:12:06.867889,tf,NFO,60479,266.10,-2.62,1693197731,,,,,,,,,
2023-08-28 10:12:07.632413,tf,NFO,60479,266.80,-2.36,1693197732,,16980705,266.75,266.90,,105,,,
2023-08-28 10:12:07.634412,tf,NFO,60479,266.80,-2.36,1693197732,,16980705,266.75,266.90,,105,,,
2023-08-28 10:12:07.869266,tf,NFO,60479,266.60,-2.43,1693197732,,,,,,,,,
2023-08-28 10:12:07.871267,tf,NFO,60479,266.60,-2.43,1693197732,,,,,,,,,
2023-08-28 10:12:08.837665,tf,NFO,60479,268.75,-1.65,1693197733,,16984665,268.25,268.60,15,120,,,
2023-08-28 10:12:08.838664,tf,NFO,60479,268.75,-1.65,1693197733,,16984665,268.25,268.60,15,120,,,
2023-08-28 10:12:09.842041,tf,NFO,60479,267.30,-2.18,1693197734,,16987095,267.20,267.65,45,75,,,
2023-08-28 10:12:09.844041,tf,NFO,60479,267.30,-2.18,1693197734,,16987095,267.20,267.65,45,75,,,
2023-08-28 10:12:09.872023,tf,NFO,60479,267.20,-2.21,1693197734,,,,,,,,,
2023-08-28 10:12:09.872023,tf,NFO,60479,267.20,-2.21,1693197734,,,,,,,,,
2023-08-28 10:12:10.872217,tf,NFO,60479,268.45,-1.76,1693197735,,,,,,,,,
2023-08-28 10:12:10.873218,tf,NFO,60479,268.45,-1.76,1693197735,,,,,,,,,
2023-08-28 10:12:11.840618,tf,NFO,60479,268.50,-1.74,1693197736,,16991400,268.50,268.90,30,390,,,
2023-08-28 10:12:11.851611,tf,NFO,60479,268.50,-1.74,1693197736,,16991400,268.50,268.90,30,390,,,
2023-08-28 10:12:11.873598,tf,NFO,60479,268.45,-1.76,1693197736,,,,,,,,,
2023-08-28 10:12:11.883591,tf,NFO,60479,268.45,-1.76,1693197736,,,,,,,,,
2023-08-28 10:12:12.846058,tf,NFO,60479,268.75,-1.65,1693197737,,16992660,268.35,268.75,60,15,,,
2023-08-28 10:12:12.847057,tf,NFO,60479,268.75,-1.65,1693197737,,16992660,268.35,268.75,60,15,,,
2023-08-28 10:12:13.872593,tf,NFO,60479,268.80,-1.63,1693197738,,,,,,,,,
2023-08-28 10:12:13.875593,tf,NFO,60479,268.80,-1.63,1693197738,,,,,,,,,
2023-08-28 10:12:14.045971,tf,NFO,60479,269.50,-1.37,1693197738,276.84,16998945,269.30,269.50,15,510,,,
2023-08-28 10:12:14.046972,tf,NFO,60479,269.50,-1.37,1693197738,276.84,16998945,269.30,269.50,15,510,,,
2023-08-28 10:12:14.646405,tf,NFO,60479,269.60,-1.34,1693197739,,17000985,269.15,269.65,75,150,,,
2023-08-28 10:12:14.649403,tf,NFO,60479,269.60,-1.34,1693197739,,17000985,269.15,269.65,75,150,,,
2023-08-28 10:12:14.874096,tf,NFO,60479,269.10,-1.52,1693197739,,,,,,,,,
2023-08-28 10:12:14.875101,tf,NFO,60479,269.10,-1.52,1693197739,,,,,,,,,
2023-08-28 10:12:15.645763,tf,NFO,60479,269.00,-1.56,1693197740,,17002110,268.55,269.05,30,30,,,
2023-08-28 10:12:15.646765,tf,NFO,60479,269.00,-1.56,1693197740,,17002110,268.55,269.05,30,30,,,
2023-08-28 10:12:15.875832,tf,NFO,60479,269.10,-1.52,1693197740,,,,,,,,,
2023-08-28 10:12:15.876832,tf,NFO,60479,269.10,-1.52,1693197740,,,,,,,,,
2023-08-28 10:12:17.649261,tf,NFO,60479,269.65,-1.32,1693197742,,17005755,269.25,269.65,165,30,,,
2023-08-28 10:12:17.653653,tf,NFO,60479,269.65,-1.32,1693197742,,17005755,269.25,269.65,165,30,,,
2023-08-28 10:12:17.879011,tf,NFO,60479,269.40,-1.41,1693197742,,,,,,,,,
2023-08-28 10:12:17.879011,tf,NFO,60479,269.40,-1.41,1693197742,,,,,,,,,
2023-08-28 10:12:19.647432,tf,NFO,60479,269.10,-1.52,1693197744,,17015130,269.15,269.50,30,45,,,
2023-08-28 10:12:19.648430,tf,NFO,60479,269.10,-1.52,1693197744,,17015130,269.15,269.50,30,45,,,
2023-08-28 10:12:19.879288,tf,NFO,60479,269.55,-1.35,1693197744,,,,,,,,,
2023-08-28 10:12:19.881288,tf,NFO,60479,269.55,-1.35,1693197744,,,,,,,,,
2023-08-28 10:12:20.659341,tf,NFO,60479,269.05,-1.54,1693197745,,17016870,268.65,269.05,150,75,,,
2023-08-28 10:12:20.660340,tf,NFO,60479,269.05,-1.54,1693197745,,17016870,268.65,269.05,150,75,,,
2023-08-28 10:12:20.879006,tf,NFO,60479,268.90,-1.59,1693197745,,,,,,,,,
2023-08-28 10:12:20.882010,tf,NFO,60479,268.90,-1.59,1693197745,,,,,,,,,
2023-08-28 10:12:21.855892,tf,NFO,60479,268.00,-1.92,1693197746,276.83,17018715,268.00,268.25,210,45,,,
2023-08-28 10:12:21.857892,tf,NFO,60479,268.00,-1.92,1693197746,276.83,17018715,268.00,268.25,210,45,,,
2023-08-28 10:12:21.881877,tf,NFO,60479,268.25,-1.83,1693197746,,,,,,,,,
2023-08-28 10:12:21.884874,tf,NFO,60479,268.25,-1.83,1693197746,,,,,,,,,
2023-08-28 10:12:22.881907,tf,NFO,60479,267.00,-2.29,1693197747,,,,,,,,,
2023-08-28 10:12:22.882903,tf,NFO,60479,267.00,-2.29,1693197747,,,,,,,,,
2023-08-28 10:12:23.058337,tf,NFO,60479,267.30,-2.18,1693197747,,17022105,266.90,267.30,60,75,,,
2023-08-28 10:12:23.059332,tf,NFO,60479,267.30,-2.18,1693197747,,17022105,266.90,267.30,60,75,,,
2023-08-28 10:12:23.882920,tf,NFO,60479,267.15,-2.23,1693197748,,,,,,,,,
2023-08-28 10:12:23.883919,tf,NFO,60479,267.15,-2.23,1693197748,,,,,,,,,
2023-08-28 10:12:24.056810,tf,NFO,60479,266.95,-2.31,1693197748,,17025915,266.70,267.00,90,135,,,
2023-08-28 10:12:24.057810,tf,NFO,60479,266.95,-2.31,1693197748,,17025915,266.70,267.00,90,135,,,
2023-08-28 10:12:24.861275,tf,NFO,60479,266.90,-2.32,1693197749,,17029020,266.50,266.90,15,45,,,
2023-08-28 10:12:24.862273,tf,NFO,60479,266.90,-2.32,1693197749,,17029020,266.50,266.90,15,45,,,
2023-08-28 10:12:25.883807,tf,NFO,60479,267.35,-2.16,1693197750,,,,,,,,,
2023-08-28 10:12:25.885812,tf,NFO,60479,267.35,-2.16,1693197750,,,,,,,,,
2023-08-28 10:12:26.885414,tf,NFO,60479,267.80,-1.99,1693197751,,,,,,,,,
2023-08-28 10:12:26.886423,tf,NFO,60479,267.80,-1.99,1693197751,,,,,,,,,
2023-08-28 10:12:27.859938,tf,NFO,60479,268.55,-1.72,1693197752,,17032950,268.30,268.70,90,30,,,
2023-08-28 10:12:27.861938,tf,NFO,60479,268.55,-1.72,1693197752,,17032950,268.30,268.70,90,30,,,
2023-08-28 10:12:28.672006,tf,NFO,60479,268.70,-1.67,1693197753,,17033895,,268.75,45,15,,,
2023-08-28 10:12:28.673012,tf,NFO,60479,268.70,-1.67,1693197753,,17033895,,268.75,45,15,,,
2023-08-28 10:12:28.885198,tf,NFO,60479,268.75,-1.65,1693197753,,,,,,,,,
2023-08-28 10:12:28.887197,tf,NFO,60479,268.75,-1.65,1693197753,,,,,,,,,
2023-08-28 10:12:29.866735,tf,NFO,60479,268.55,-1.72,1693197754,276.82,17035185,268.60,269.00,,465,,,
2023-08-28 10:12:29.867735,tf,NFO,60479,268.55,-1.72,1693197754,276.82,17035185,268.60,269.00,,465,,,
2023-08-28 10:12:30.887341,tf,NFO,60479,268.95,-1.57,1693197755,,,,,,,,,
2023-08-28 10:12:30.888346,tf,NFO,60479,268.95,-1.57,1693197755,,,,,,,,,
2023-08-28 10:12:31.072056,tf,NFO,60479,268.75,-1.65,1693197755,,17035815,268.75,,,270,,,
2023-08-28 10:12:31.074065,tf,NFO,60479,268.75,-1.65,1693197755,,17035815,268.75,,,270,,,
2023-08-28 10:12:31.884591,tf,NFO,60479,268.95,-1.57,1693197756,,,,,,,,,
2023-08-28 10:12:31.888590,tf,NFO,60479,268.95,-1.57,1693197756,,,,,,,,,
2023-08-28 10:12:32.071536,tf,NFO,60479,268.65,-1.68,1693197756,,17037045,268.65,,30,105,,,
2023-08-28 10:12:32.073541,tf,NFO,60479,268.65,-1.68,1693197756,,17037045,268.65,,30,105,,,
2023-08-28 10:12:32.668532,tf,NFO,60479,268.70,-1.67,1693197757,,17037075,268.70,,195,135,,,
2023-08-28 10:12:32.669535,tf,NFO,60479,268.70,-1.67,1693197757,,17037075,268.70,,195,135,,,
2023-08-28 10:12:32.887870,tf,NFO,60479,268.95,-1.57,1693197757,,,,,,,,,
2023-08-28 10:12:32.888876,tf,NFO,60479,268.95,-1.57,1693197757,,,,,,,,,
2023-08-28 10:12:33.673001,tf,NFO,60479,269.00,-1.56,1693197758,,17037870,268.65,,75,60,,,
2023-08-28 10:12:33.674000,tf,NFO,60479,269.00,-1.56,1693197758,,17037870,268.65,,75,60,,,
2023-08-28 10:12:33.888867,tf,NFO,60479,269.15,-1.50,1693197758,,,,,,,,,
2023-08-28 10:12:33.889867,tf,NFO,60479,269.15,-1.50,1693197758,,,,,,,,,
2023-08-28 10:12:34.676880,tf,NFO,60479,269.00,-1.56,1693197759,,17038800,268.70,269.10,45,210,,,
2023-08-28 10:12:34.677882,tf,NFO,60479,269.00,-1.56,1693197759,,17038800,268.70,269.10,45,210,,,
2023-08-28 10:12:35.873322,tf,NFO,60479,269.25,-1.46,1693197760,,17040075,268.75,269.15,15,30,,,
2023-08-28 10:12:35.874322,tf,NFO,60479,269.25,-1.46,1693197760,,17040075,268.75,269.15,15,30,,,
2023-08-28 10:12:36.879791,tf,NFO,60479,268.65,-1.68,1693197761,,17042265,268.60,269.00,315,90,,,
2023-08-28 10:12:36.880791,tf,NFO,60479,268.65,-1.68,1693197761,,17042265,268.60,269.00,315,90,,,
2023-08-28 10:12:37.888570,tf,NFO,60479,269.70,-1.30,1693197762,,,,,,,,,
2023-08-28 10:12:37.891569,tf,NFO,60479,269.70,-1.30,1693197762,,,,,,,,,
2023-08-28 10:12:38.077672,tf,NFO,60479,269.80,-1.26,1693197762,,17043090,269.35,269.70,60,75,,,
2023-08-28 10:12:38.078672,tf,NFO,60479,269.80,-1.26,1693197762,,17043090,269.35,269.70,60,75,,,
2023-08-28 10:12:38.680505,tf,NFO,60479,268.95,-1.57,1693197763,,17043375,268.95,269.30,105,60,,,
2023-08-28 10:12:38.683502,tf,NFO,60479,268.95,-1.57,1693197763,,17043375,268.95,269.30,105,60,,,
2023-08-28 10:12:39.880619,tf,NFO,60479,268.90,-1.59,1693197764,,17044035,269.00,269.35,135,30,,,
2023-08-28 10:12:39.880619,tf,NFO,60479,268.90,-1.59,1693197764,,17044035,269.00,269.35,135,30,,,
2023-08-28 10:12:40.893065,tf,NFO,60479,269.55,-1.35,1693197765,,,,,,,,,
2023-08-28 10:12:40.894071,tf,NFO,60479,269.55,-1.35,1693197765,,,,,,,,,
2023-08-28 10:12:41.083608,tf,NFO,60479,269.15,-1.50,1693197765,,17044605,269.10,269.40,15,15,,,
2023-08-28 10:12:41.084604,tf,NFO,60479,269.15,-1.50,1693197765,,17044605,269.10,269.40,15,15,,,
2023-08-28 10:12:41.889725,tf,NFO,60479,269.00,-1.56,1693197766,,,,,,,,,
2023-08-28 10:12:41.892725,tf,NFO,60479,269.00,-1.56,1693197766,,,,,,,,,
2023-08-28 10:12:42.083413,tf,NFO,60479,269.30,-1.45,1693197766,,17044845,,,30,180,,,
2023-08-28 10:12:42.085416,tf,NFO,60479,269.30,-1.45,1693197766,,17044845,,,30,180,,,
2023-08-28 10:12:42.686262,tf,NFO,60479,269.20,-1.48,1693197767,,17045235,268.80,269.15,15,45,,,
2023-08-28 10:12:42.687262,tf,NFO,60479,269.20,-1.48,1693197767,,17045235,268.80,269.15,15,45,,,
2023-08-28 10:12:43.691235,tf,NFO,60479,268.50,-1.74,1693197768,,17046180,268.25,268.50,90,75,,,
2023-08-28 10:12:43.692235,tf,NFO,60479,268.50,-1.74,1693197768,,17046180,268.25,268.50,90,75,,,
2023-08-28 10:12:44.891066,tf,NFO,60479,268.45,-1.76,1693197769,,17046435,268.00,268.20,990,135,,,
2023-08-28 10:12:44.891066,tf,NFO,60479,268.45,-1.76,1693197769,,17046435,268.00,268.20,990,135,,,
2023-08-28 10:12:45.893825,tf,NFO,60479,268.60,-1.70,1693197770,,,,,,,,,
2023-08-28 10:12:45.894820,tf,NFO,60479,268.60,-1.70,1693197770,,,,,,,,,
2023-08-28 10:12:46.089912,tf,NFO,60479,268.20,-1.85,1693197770,,17047440,268.05,,15,30,,,
2023-08-28 10:12:46.090917,tf,NFO,60479,268.20,-1.85,1693197770,,17047440,268.05,,15,30,,,
2023-08-28 10:12:46.693361,tf,NFO,60479,268.00,-1.92,1693197771,,17048385,267.75,268.00,,165,,,
2023-08-28 10:12:46.695366,tf,NFO,60479,268.00,-1.92,1693197771,,17048385,267.75,268.00,,165,,,
2023-08-28 10:12:47.696221,tf,NFO,60479,267.20,-2.21,1693197772,,17049135,267.15,267.35,,30,,,
2023-08-28 10:12:47.696221,tf,NFO,60479,267.20,-2.21,1693197772,,17049135,267.15,267.35,,30,,,
2023-08-28 10:12:47.898294,tf,NFO,60479,267.00,-2.29,1693197772,,,,,,,,,
2023-08-28 10:12:47.899300,tf,NFO,60479,267.00,-2.29,1693197772,,,,,,,,,
